,id95AE_GSR_Skin_Conductance_CAL,id95AE_GSR_Skin_Resistance_CAL
1736497170.01251,1.0247033804059298,975.8974144413323
1736497170.0144699,1.019760013937259,980.6264651393234
1736497170.01642,1.0151412355114087,985.0733684787539
1736497170.0183702,1.0106814424307125,989.4031948461007
1736497170.0203202,1.006139706316843,993.8666810124073
1736497170.02228,1.0012460142423918,998.7438486711809
1736497170.02423,0.995840572688484,1004.2028397546347
1736497170.02618,0.9901296757182023,1010.0235756471898
1736497170.0281398,0.9846067848598774,1015.6853976336704
1736497170.03009,0.9798534625782077,1020.5770836274121
1736497170.03204,0.9763091604767687,1024.2349169826352
1736497170.034,0.9737282010966747,1026.9200770580196
1736497170.03595,0.971435685445747,1029.347902857676
1736497170.0379,0.9687108592043753,1032.2814367258518
1736497170.03986,0.964903004573728,1036.4090466740925
1736497170.04181,0.9603614793472158,1041.3408608537932
1736497170.04376,0.9559971768845666,1046.0822117739997
1736497170.0457199,0.952736047387754,1049.6222144039943
1736497170.04767,0.9514564841301149,1051.0023457454963
1736497170.0496202,0.9518232848095046,1050.590462291385
1736497170.0515702,0.9527534381925009,1049.5721147564625
1736497170.05353,0.953149150410719,1049.1490883657648
1736497170.05548,0.9520153213559241,1050.4102781602535
1736497170.05743,0.9496969433102994,1052.9741404035672
1736497170.0593898,0.9474055305115225,1055.5082770387871
1736497170.06134,0.9464056685465365,1056.6217521050125
1736497170.06329,0.9478003308685296,1055.1012888577734
1736497170.06525,0.9512598561545155,1051.3057162248854
1736497170.0672,0.9554233578058783,1046.7255622387054
1736497170.06915,0.9589658703041566,1042.8119866815953
1736497170.07111,0.9606795331838447,1040.8891036256402
1736497170.07306,0.9608687524044389,1040.6431622451935
1736497170.07501,0.9608783081885532,1040.63181676883
1736497170.0769699,0.9620671875311,1039.3981348174088
1736497170.07892,0.9656484779836163,1035.6398075974987
1736497170.0808702,0.9712927330858168,1029.695794214764
1736497170.0828202,0.9776377830499676,1023.0034715341574
1736497170.08478,0.9833295194356058,1016.9918219430635
1736497170.08673,0.9870513449332372,1013.0523077599913
1736497170.08868,0.9890892253581475,1010.9089032604863
1736497170.0906398,0.990707324600827,1009.2696045131007
1736497170.09259,0.9931681889325739,1006.843356934315
1736497170.09454,0.9976377379223875,1002.4364421733819
1736497170.0965,1.0039250357793137,996.2261323692089
1736497170.09845,1.0108202175537315,989.4163253940807
1736497170.1004,1.0171923739751387,983.133265549303
1736497170.10236,1.0220014412011358,978.4142502323728
1736497170.10431,1.0253322752886076,975.1917793941103
1736497170.10626,1.0281344350253085,972.5490870671985
1736497170.1082199,1.0313603077903746,969.5678478716709
1736497170.11017,1.0358360364485575,965.4482687745813
1736497170.1121202,1.0414741223237993,960.2601976708384
1736497170.1140702,1.0475361404193893,954.6918608995911
1736497170.11603,1.0533010741241646,949.4160166841112
1736497170.11798,1.0580199723565409,945.1304216669226
1736497170.11993,1.0617590779113142,941.7800425924868
1736497170.1218898,1.0650508264932899,938.8795246155044
1736497170.12384,1.0683899141162772,935.9762209342358
1736497170.12579,1.0722773320135637,932.6127022126337
1736497170.12775,1.0767349836026479,928.7643742226635
1736497170.1297,1.081393127497484,924.7572082674053
1736497170.13165,1.0859432193490415,920.8645137436822
1736497170.13361,1.0900942349230038,917.3440686327715
1736497170.13556,1.0937199034823493,914.3004141751906
1736497170.13751,1.0969091315662787,911.6466787276909
1736497170.1394699,1.0997442215523505,909.3018319947096
1736497170.14142,1.1022735812123794,907.2138350708586
1736497170.1433702,1.1046786246822562,905.2331030744778
1736497170.1453202,1.1071843824018965,903.1822470995809
1736497170.14728,1.1100332231618213,900.8699768587768
1736497170.14923,1.113389640613364,898.1673611510424
1736497170.15118,1.117040103554552,895.2422880341201
1736497170.1531398,1.1204961454468851,892.4794583614516
1736497170.15509,1.123212128735207,890.3091876442307
1736497170.15704,1.124755430615176,889.0721883791697
1736497170.159,1.1253928195155152,888.5589041934865
1736497170.16095,1.125858927386578,888.1916946678151
1736497170.1629,1.126904956893674,887.3796742155583
1736497170.16486,1.129212621532168,885.5864339503343
1736497170.16681,1.1324595145553746,883.0601182065681
1736497170.16876,1.135720627367093,880.5199753061733
1736497170.1707199,1.1380596177174884,878.6940554287125
1736497170.17267,1.1386025489272527,878.2622155383453
1736497170.1746202,1.1376932589244175,878.9599236924703
1736497170.1765702,1.136440883174469,879.9293438739978
1736497170.17853,1.1359696297992443,880.3010049007007
1736497170.18048,1.1372998333832565,879.2854100790365
1736497170.18243,1.1400876891063436,877.1452989353788
1736497170.1843898,1.1431134843602826,874.8189622842162
1736497170.18634,1.145092632073325,873.2946168507765
1736497170.18829,1.144913953486366,873.4272222322898
1736497170.19025,1.1429256044762943,874.950424369016
1736497170.1922,1.1404984633441317,876.8121233401448
1736497170.19415,1.1389890115635948,877.9712066195447
1736497170.19611,1.1396374568554166,877.4758001241051
1736497170.19806,1.1420703091846376,875.6120717390274
1736497170.20001,1.1448669174391488,873.4696343529582
1736497170.2019699,1.146595090459424,872.1469620745911
1736497170.20392,1.1459320654157588,872.6584920861095
1736497170.2058702,1.1432340181868363,874.730206841538
1736497170.2078202,1.139935510490584,877.2604546118811
1736497170.20978,1.137481921756679,879.1392524186506
1736497170.21173,1.1372226718752567,879.3305727880354
1736497170.21368,1.138839008448334,878.0815060381912
1736497170.2156398,1.1409618646502095,876.4471527972185
1736497170.21759,1.1421664238059075,875.5255145785682
1736497170.21954,1.1411914707756416,876.2883176404772
1736497170.2215,1.1382755542848184,878.5490968954558
1736497170.22345,1.1347210426709988,881.2996956677686
1736497170.2254,1.1318032157923357,883.5530241535208
1736497170.22736,1.1306947737259228,884.4015842524028
1736497170.22931,1.131214610742274,883.9892748823031
1736497170.23126,1.1322602870834593,883.1751902644803
1736497170.2332199,1.1327240127923695,882.8227115730181
1736497170.23517,1.1315839792373443,883.7278516553554
1736497170.2371202,1.1289691705822689,885.7873948110805
1736497170.2390702,1.1257589500650325,888.3116436384862
1736497170.24103,1.1228328568595909,890.6108191337792
1736497170.24298,1.1210441593308986,892.0158664931981
1736497170.24493,1.1203307331859222,892.5779019946159
1736497170.2468898,1.1200709157275648,892.7883429785879
1736497170.24884,1.1196338282460871,893.145762495169
1736497170.25079,1.1184332829417438,894.1134439824621
1736497170.25275,1.1164336742747065,895.7193879323842
1736497170.2547,1.1140035903955199,897.6715607829592
1736497170.25665,1.1114885655968767,899.6965146003313
1736497170.25861,1.1092122111642466,901.5381161642564
1736497170.26056,1.107296286208549,903.0975462953432
1736497170.26251,1.1056706353220591,904.4272922673538
1736497170.2644699,1.1042684300724108,905.5771833047116
1736497170.26642,1.1030365626752343,906.5862751355817
1736497170.2683702,1.1018216698209495,907.5818795700974
1736497170.2703202,1.1004260653394902,908.7316545520682
1736497170.27228,1.0986405129679289,910.2129236943115
1736497170.27423,1.0963148104641556,912.1535056066476
1736497170.27618,1.0936567306030995,914.3779081265731
1736497170.2781398,1.0911240975072267,916.4991358900907
1736497170.28009,1.089217847663832,918.0940316313281
1736497170.28204,1.0883428193673534,918.8204993906303
1736497170.284,1.0882388730850348,918.9001311897638
1736497170.28595,1.088194574563833,918.9371175975965
1736497170.2879,1.0874905354185846,919.5422412940408
1736497170.28986,1.0854741455657293,921.2694370532952
1736497170.29181,1.0824791079930702,923.8312504915388
1736497170.29376,1.0794373401109623,926.4301079002915
1736497170.2957199,1.077291242150046,928.2594371072972
1736497170.29767,1.0769174443729672,928.5692972161289
1736497170.2996202,1.0779709951338652,927.6578341702476
1736497170.3015702,1.079336090404409,926.4847519531243
1736497170.30353,1.0798820942934835,926.0225341576131
1736497170.30548,1.078582518555361,927.1537206962597
1736497170.30743,1.0757923473075879,929.5698374545924
1736497170.3093898,1.0727526000019045,932.1984405963594
1736497170.31134,1.0707696544976502,933.9106186524065
1736497170.31329,1.070975442134172,933.7283404191021
1736497170.31525,1.0730340035157915,931.9431694014969
1736497170.3172,1.0755794965496153,929.73751906255
1736497170.31915,1.07726128345206,928.280578310797
1736497170.32111,1.0768437220081413,928.6420156442578
1736497170.32306,1.0746727871062856,930.5224239555371
1736497170.32501,1.0721264505333934,932.7290796634704
1736497170.3269699,1.0705936302162598,934.0598100799173
1736497170.32892,1.071355039421903,933.405934156967
1736497170.3308702,1.0740654238867249,931.0649560190757
1736497170.3328202,1.0773329400863567,928.2394221772436
1736497170.33478,1.0797554390653834,926.1407622762164
1736497170.33673,1.0800231756473857,925.9008552338819
1736497170.33868,1.0784441326144887,927.2561317770451
1736497170.3406398,1.0763438079392247,929.0654536599365
1736497170.34259,1.075102437514238,930.1404992259673
1736497170.34454,1.0759416207117933,929.4293189610745
1736497170.3465,1.0786342991518998,927.124777498577
1736497170.34845,1.0819281131644127,924.3006026383655
1736497170.3504,1.084595050830071,922.0097517695706
1736497170.35236,1.0855044792554929,921.2218254678781
1736497170.35431,1.0848187763514034,921.8005517570832
1736497170.35626,1.0835765916217073,922.8599361039091
1736497170.3582199,1.0828205838401168,923.5106490105999
1736497170.36017,1.0835185249434258,922.9269706196885
1736497170.3621202,1.0855636771978558,921.1978030145694
1736497170.3640702,1.0881534722060247,919.0042396748343
1736497170.36603,1.0904831297619832,917.0292895669095
1736497170.36798,1.0917759813662715,915.9321834577922
1736497170.36993,1.0920735833416244,915.6790802156485
1736497170.3718898,1.0919197544420576,915.8107383465139
1736497170.37384,1.0918724061372034,915.8559576542472
1736497170.37579,1.0924455170378644,915.3806324858314
1736497170.37775,1.0936774341374074,914.3521287629512
1736497170.3797,1.0952655129423143,913.0254157600432
1736497170.38165,1.0969196397212848,911.6450493463068
1736497170.38361,1.0983668086749807,910.4411082219863
1736497170.38556,1.0994971331751062,909.5047492456193
1736497170.38751,1.1003459509843803,908.8041884502294
1736497170.3894699,1.10094494471298,908.3106772456333
1736497170.39142,1.101326576496276,907.9950469385375
1736497170.3933702,1.1016418529459857,907.733267646454
1736497170.3953202,1.1021103903625766,907.3466385477072
1736497170.39728,1.102958732977147,906.6508118128013
1736497170.39923,1.1043668774984625,905.4994123340368
1736497170.40118,1.1061220421402596,904.0657463644998
1736497170.4031398,1.107747815005386,902.7377454125581
1736497170.40509,1.1087378451787229,901.9277799888158
1736497170.40704,1.108671044027903,901.9787823404465
1736497170.409,1.1078188329523537,902.6704161263913
1736497170.41095,1.1069370818778623,903.3883111543223
1736497170.4129,1.1067754896593185,903.5230867848201
1736497170.41486,1.1080144524297146,902.521633062858
1736497170.41681,1.110316505732868,900.6568312514053
1736497170.41876,1.112705389892758,898.7200501010658
1736497170.4207199,1.1141947566493708,897.510815052132
1736497170.42267,1.1138776399156236,897.76442035326
1736497170.4246202,1.1121058364459573,899.1967800509151
1736497170.4265702,1.1100365918586976,900.8715807890339
1736497170.42853,1.1088392350313425,901.8427383813203
1736497170.43048,1.1095868395341142,901.2419260824054
1736497170.43243,1.11193790936646,899.344375290983
1736497170.4343898,1.1146517515644376,897.1521986944986
1736497170.43634,1.1164266163081595,895.7168426618126
1736497170.43829,1.1161298066452727,895.9532914919291
1736497170.44025,1.114095218954855,897.592911178133
1736497170.4422,1.111683668665224,899.5383290505652
1736497170.44415,1.1102408205661787,900.7043579117562
1736497170.44611,1.110998527549249,900.0975453576805
1736497170.44806,1.1135900147076327,898.0125623529267
1736497170.45001,1.116613974082004,895.5777737466975
1736497170.4519699,1.1186591257441783,893.9295529713586
1736497170.45392,1.1184167077025877,894.1218162340708
1736497170.4558702,1.1162373172737725,895.873121545453
1736497170.4578202,1.1135324331628418,898.0483248604168
1736497170.45978,1.1117275794674581,899.500985275885
1736497170.46173,1.1121449371875607,899.1676995976361
1736497170.46368,1.1144792190255464,897.2932874933764
1736497170.4656398,1.1173964529139233,894.9494423559486
1736497170.46759,1.119495412929921,893.2619018621409
1736497170.46954,1.1195454227348804,893.219425644277
1736497170.4715,1.117766468731558,894.645780506151
1736497170.47345,1.11539067829761,896.5519479084521
1736497170.4754,1.1136395216040165,897.957431466319
1736497170.47736,1.1136383686091527,897.95886485652
1736497170.47931,1.115220074552009,896.6900897872507
1736497170.48126,1.1173646319853594,894.9693617620483
1736497170.4832199,1.1190482109179891,893.6179982117081
1736497170.48517,1.1193072056792222,893.4090323048711
1736497170.4871202,1.1182571477872807,894.2499794851554
1736497170.4890702,1.1166983334570741,895.4991578825745
1736497170.49103,1.1154389432734755,896.5085595475659
1736497170.49298,1.115240633363469,896.6674779263093
1736497170.49493,1.1160363700406362,896.0295600301359
1736497170.4968898,1.1172391213224981,895.0653352769021
1736497170.49884,1.1182318630679586,894.269377201121
1736497170.50079,1.118462749324631,894.0840197227844
1736497170.50275,1.1179204644285734,894.5184075258275
1736497170.5047,1.1169689196585826,895.2809753315169
1736497170.50665,1.115970558802283,896.0813301457797
1736497170.50861,1.1152651853601412,896.6472067159041
1736497170.51056,1.1149466765189164,896.9031582600676
1736497170.51251,1.1149279248715274,896.9186191877222
1736497170.5144699,1.1151249171722242,896.7605358336326
1736497170.51642,1.115444924469337,896.5029200717495
1736497170.5183702,1.1157375452513847,896.266930832125
1736497170.5203202,1.1158116059065946,896.2070169156725
1736497170.52228,1.1154723039030432,896.4805613556764
1736497170.52423,1.1145616130250802,897.2152599298549
1736497170.52618,1.1132948377322578,898.2373623101523
1736497170.5281398,1.1121326145404735,899.1750263484734
1736497170.53009,1.1115583310013692,899.6380514285261
1736497170.53204,1.111979998794588,899.297090184162
1736497170.534,1.1131479182728556,898.3539020443087
1736497170.53595,1.114346907579007,897.3861243827613
1736497170.5379,1.1148729832575146,896.9623489081418
1736497170.53986,1.1140868303457978,897.5989242824228
1736497170.54181,1.112292954294904,899.04960805092
1736497170.54376,1.110397459556404,900.5821120870228
1736497170.5457199,1.1093154018716858,901.4569101228169
1736497170.54767,1.1098835360147894,900.9977592357066
1736497170.5496202,1.1117726927872054,899.4707681606161
1736497170.5515702,1.1139030276712913,897.748770670883
1736497170.55353,1.1151842835633499,896.7130154873698
1736497170.55548,1.1146162972517553,897.1719464454675
1736497170.55743,1.1125536302400736,898.8391763866362
1736497170.5593898,1.1102115437005056,900.7327480766992
1736497170.56134,1.1088598517135657,901.826604400853
1736497170.56329,1.109605589400408,901.2262006174566
1736497170.56525,1.1121012566150128,899.2119178393978
1736497170.5672,1.1149729103415087,896.8932392367687
1736497170.56915,1.1168688090959766,895.3617412894257
1736497170.57111,1.1165501980630408,895.6177655927136
1736497170.57306,1.1143615090199464,897.3834525723813
1736497170.57501,1.111682827031465,899.5447659980865
1736497170.5769699,1.1099028965845092,900.9806787806777
1736497170.57892,1.1103060883959894,900.6544576713243
1736497170.5808702,1.11254546272273,898.8465236292939
1736497170.5828202,1.115227388122382,896.6824390446217
1736497170.58478,1.116943923439586,895.2993390502488
1736497170.58673,1.116390820986643,895.7504529751529
1736497170.58868,1.1138759817058739,897.7857273034873
1736497170.5906398,1.1107256546169235,900.3317786402682
1736497170.59259,1.1083367359865501,902.2581246897105
1736497170.59454,1.1079290396714998,902.5778123146318
1736497170.5965,1.1092298211383085,901.5148852559255
1736497170.59845,1.1109349527742944,900.1303108056525
1736497170.6004,1.1117440139872283,899.4819128138133
1736497170.60236,1.1104556978381903,900.546789211316
1736497170.60431,1.1072842342986497,903.1473216379147
1736497170.60626,1.1033451209463265,906.3710588282997
1736497170.6082199,1.0997549126590431,909.3046278421826
1736497170.61017,1.0975884217167606,911.0694304438417
1736497170.6121202,1.0966848404444831,911.8044380758
1736497170.6140702,1.0961241481125594,912.274218695655
1736497170.61603,1.0949632292646367,913.2625921134778
1736497170.61798,1.0923522024328753,915.4753850926206
1736497170.61993,1.0883537752292158,918.8589745719698
1736497170.6218898,1.0836224299177757,922.8673968788353
1736497170.62384,1.0788973754814895,926.8830833257805
1736497170.62579,1.0747948003272072,930.3924475972372
1736497170.62775,1.0713037190801822,933.4114389520163
1736497170.6297,1.0680448150592836,936.2656177525411
1736497170.63165,1.0645795507290172,939.3315155425566
1736497170.63361,1.0604937984858527,942.9658818922416
1736497170.63556,1.0557819093625784,947.178244614887
1736497170.63751,1.0506045613382067,951.8407724239471
1736497170.6394699,1.0451176200628953,956.830832251478
1736497170.64142,1.0395565305465937,961.9517097760963
1736497170.6433702,1.034029205760778,967.1026785996715
1736497170.6453202,1.0286428747216092,972.1705852891432
1736497170.64728,1.023477221855026,977.0681783309324
1736497170.64923,1.0186702012574407,981.6546194598542
1736497170.65118,1.0140477624730455,986.1062228248903
1736497170.6531398,1.009282898099174,990.759467084821
1736497170.65509,1.0041159853687427,995.8851016745116
1736497170.65704,0.9982627305467304,1001.7748225927797
1736497170.659,0.991946282701792,1008.1916678619456
1736497170.66095,0.9858307252155732,1014.4410841217006
1736497170.6629,0.980489833459558,1019.920050214165
1736497170.66486,0.9764451928023817,1024.08166601728
1736497170.66681,0.9734791860326033,1027.161930604693
1736497170.66876,0.9707844136830556,1030.018305150463
1736497170.6707199,0.9675500624589009,1033.5131366845228
1736497170.67267,0.9630990776554553,1038.3637595527316
1736497170.6746202,0.9577489181106053,1044.2091193890221
1736497170.6765702,0.9525216771993087,1049.9244127293093
1736497170.67853,0.9484339881028179,1054.3908853179282
1736497170.68048,0.9464602378077679,1056.5371058381593
1736497170.68243,0.9462538671490087,1056.7491857311581
1736497170.6843898,0.9466642257326828,1056.3012648130361
1736497170.68634,0.9465150853704507,1056.4956062609533
1736497170.68829,0.9447567479966789,1058.4935834558755
1736497170.69025,0.9417223846515413,1061.9158752882433
1736497170.6922,0.9387254516381429,1065.2901950588273
1736497170.69415,0.9370473321837027,1067.1806461672595
1736497170.69611,0.9378676047449168,1066.2651944129627
1736497170.69806,0.940824151057682,1062.9482081968938
1736497170.70001,0.9445591631400168,1058.7491295053494
1736497170.7019699,0.9477125115228969,1055.1897913707796
1736497170.70392,0.949003394922331,1053.7048861391622
1736497170.7058702,0.9487567412390714,1053.9456164680898
1736497170.7078202,0.9483071860964228,1054.4425830293917
1736497170.70978,0.9490163070299686,1053.696798141408
1736497170.71173,0.9521097568554991,1050.3575200116534
1736497170.71368,0.9572962232683446,1044.7348813485555
1736497170.7156398,0.9633082851407182,1038.2075962015974
1736497170.71759,0.968765817114862,1032.2769285915717
1736497170.71954,0.9724970277501755,1028.2195417382397
1736497170.7215,0.9747097876471896,1025.8334225808094
1736497170.72345,0.9765114073620671,1023.9524554400147
1736497170.7254,0.9790570458107489,1021.3588070959004
1736497170.72736,0.9834144252135468,1016.9270105667059
1736497170.72931,0.9893597238434301,1010.8753849219296
1736497170.73126,0.9959278045813141,1004.1961921644339
1736497170.7332199,1.0021511859546754,997.8845536091911
1736497170.73517,1.0070508678188488,992.9473066874544
1736497170.7371202,1.0107509183439736,989.2730096265968
1736497170.7390702,1.0140067430594346,986.1103098022628
1736497170.74103,1.0176070653585503,982.6753892172038
1736497170.74298,1.0222233693167324,978.297797388701
1736497170.74493,1.027804421114339,973.0172505081127
1736497170.7468898,1.0338005911978134,967.3631551859185
1736497170.74884,1.0395615823465,961.9601795170962
1736497170.75079,1.0445710326814308,957.3059072190664
1736497170.75275,1.048840552633201,953.3926385559663
1736497170.7547,1.0526748135620985,949.9291211606885
1736497170.75665,1.056448883558376,946.5592187836932
1736497170.75861,1.0605133713526067,942.9507680343
1736497170.76056,1.064874630865048,939.094347822731
1736497170.76251,1.0694147898260151,935.1021204146441
1736497170.7644699,1.0740157631738372,931.0871033168046
1736497170.76642,1.078490957600253,927.2208642987349
1736497170.7683702,1.0827332335483648,923.5912548007499
1736497170.7703202,1.0866172250233614,920.2926272482812
1736497170.77228,1.0900348948833034,917.4045217895886
1736497170.77423,1.0928512200199032,915.0302644229479
1736497170.77618,1.0952712704606646,912.998405765233
1736497170.7781398,1.097684746836008,910.9900785355032
1736497170.78009,1.1004500243211395,908.7125610753923
1736497170.78204,1.1039110046294334,905.8840011687337
1736497170.784,1.1078447446857602,902.6814858341754
1736497170.78595,1.111584675329044,899.6413655051603
1736497170.7879,1.1145182710040809,897.255963932499
1736497170.78986,1.1160891942828846,895.9727342155745
1736497170.79181,1.1165769110491799,895.5695446622094
1736497170.79376,1.116851259141825,895.3506522697064
1736497170.7957199,1.117787641578856,894.6161233593604
1736497170.79767,1.120157306356464,892.7485785791008
1736497170.7996202,1.1236457156278035,889.9932089308853
1736497170.8015702,1.127209125102238,887.1743786452319
1736497170.80353,1.1298008309508165,885.1187945278131
1736497170.80548,1.1304423688453238,884.5997055833038
1736497170.80743,1.1295001279269805,885.3316708764837
1736497170.8093898,1.128179542638056,886.3689864363513
1736497170.81134,1.1277252875079304,886.7350858015217
1736497170.81329,1.1292363413286546,885.5673812487659
1736497170.81525,1.1323766066812728,883.1254322106491
1736497170.8172,1.1357884334116606,880.4673406871084
1736497170.81915,1.1381464699010593,878.6261729546668
1736497170.82111,1.1382361359474618,878.548748606718
1736497170.82306,1.1364117254532113,879.9613465062674
1736497170.82501,1.1340640838404286,881.7836304092457
1736497170.8269699,1.1325918984705057,882.9292154313148
1736497170.82892,1.1332839082997717,882.3969740334697
1736497170.8308702,1.1357894900396401,880.4578976655081
1736497170.8328202,1.138701216842723,878.2029970384046
1736497170.83478,1.1405980519933467,876.7338528011385
1736497170.83673,1.140162875526553,877.0714676186986
1736497170.83868,1.1377281736162044,878.9580365443251
1736497170.8406398,1.1346672056044078,881.3288889625919
1736497170.84259,1.1324230703467209,883.065246308183
1736497170.84454,1.1322604425654852,883.1867222600479
1736497170.8465,1.1339246229784505,881.8919797370978
1736497170.84845,1.1361048326447445,880.1992554138101
1736497170.8504,1.1374988225639502,879.1201081888106
1736497170.85236,1.1369063285993426,879.5868125762366
1736497170.85431,1.1345384960937575,881.4337236908528
1736497170.85626,1.1315225929986918,883.7827116819888
1736497170.8582199,1.1289893477489357,885.7529140847954
1736497170.86017,1.1280118128892334,886.5086160196298
1736497170.8621202,1.1284452454501,886.1646944703264
1736497170.8640702,1.1293817057267623,885.4318747811877
1736497170.86603,1.1298994920636147,885.0316611387672
1736497170.86798,1.1291431193031067,885.6335366629286
1736497170.86993,1.1271781176847604,887.184883592127
1736497170.8718898,1.1246545166567765,889.1748043096718
1736497170.87384,1.1222736907079782,891.051971001436
1736497170.87579,1.1206470195953053,892.335963707214
1736497170.87775,1.1197766937768405,893.0261250538563
1736497170.8797,1.1192662753093134,893.4356510105121
1736497170.88165,1.118699116342893,893.8937148348538
1736497170.88361,1.1176848554401289,894.7088684701074
1736497170.88556,1.116176221402553,895.9192128061637
1736497170.88751,1.1143271999404238,897.4045888370126
1736497170.8894699,1.1122888997992328,899.047241487188
1736497170.89142,1.1102410230516526,900.7059557019401
1736497170.8933702,1.1082988767947584,902.2863739519507
1736497170.8953202,1.1065662530570914,903.7001071124932
1736497170.89728,1.1051396560620523,904.8646449635194
1736497170.89923,1.104114842271308,905.6985781474293
1736497170.90118,1.1033016577096209,906.3599422535923
1736497170.9031398,1.1023376127130549,907.1515048307718
1736497170.90509,1.1008707522316765,908.3674398622198
1736497170.90704,1.0985832699633518,910.2730602098103
1736497170.909,1.095699560933212,912.6793483127692
1736497170.91095,1.0928571984198083,915.0511928860398
1736497170.9129,1.09065557333231,916.8853278661761
1736497170.91486,1.0896381294262496,917.7257293440884
1736497170.91681,1.089546098473768,917.7932721458078
1736497170.91876,1.0895665509109524,917.7759457062795
1736497170.9207199,1.088879379928472,918.3679965887901
1736497170.92267,1.086761318049235,920.1811273085841
1736497170.9246202,1.083532156902167,922.939534117622
1736497170.9265702,1.0802087638978966,925.7741937878214
1736497170.92853,1.077811319880708,927.8132368569954
1736497170.93048,1.0772907565334284,928.2444620260227
1736497170.93243,1.078279009522741,927.3867325485757
1736497170.9343898,1.079582687867664,926.2669197079731
1736497170.93634,1.0799698609365995,925.9449644550286
1736497170.93829,1.078354505724599,927.3549061116087
1736497170.94025,1.0750890786539398,930.1888753202603
1736497170.9422,1.0715523060651906,933.2527018018612
1736497170.94415,1.069088743302971,935.3819570638
1736497170.94611,1.0689312862114329,935.5090300261528
1736497170.94806,1.0707298427270067,933.9400089907009
1736497170.95001,1.0730866794950447,931.8898563730841
1736497170.9519699,1.0745967573958324,930.5799407869914
1736497170.95392,1.0739629487975075,931.137637944482
1736497170.9558702,1.0715113441656474,933.27768628108
1736497170.9578202,1.0686136349455713,935.804810871345
1736497170.95978,1.066654387119323,937.5125381990105
1736497170.96173,1.0669200419255043,937.2799156506204
1736497170.96368,1.0691043787880576,935.3740633683425
1736497170.9656398,1.0718973541651282,932.9369523547697
1736497170.96759,1.0739239617212593,931.1672171012045
1736497170.96954,1.0739777624837756,931.1165896376468
1736497170.9715,1.072304999032887,932.5713631014743
1736497170.97345,1.0701626317015305,934.437416904152
1736497170.9754,1.0687981745734345,935.628815918906
1736497170.97736,1.0693608201987972,935.1451454666962
1736497170.97931,1.0716343893206044,933.1730247559112
1736497170.98126,1.0745162718935783,930.669870595822
1736497170.9832199,1.0769001364680446,928.596291833383
1736497170.98517,1.07773830048035,927.8621972842109
1736497170.9871202,1.0771821031093967,928.3383010297927
1736497170.9890702,1.076135957371,929.2427395360513
1736497170.99103,1.0755173113741214,929.7823854487426
1736497170.99298,1.076178588822203,929.2201356415034
1736497170.99493,1.0780460600201787,927.6183272437846
1736497170.9968898,1.0804590161730876,925.5459465338266
1736497170.99884,1.0827070039793805,923.6147581768756
1736497171.00079,1.0841685970438601,922.360012011908
1736497171.00275,1.0848376453551367,921.7879213397377
1736497171.0047,1.0851141952955532,921.5553848723066
1736497171.00665,1.085415650851756,921.3044166851575
1736497171.00861,1.0861325455760853,920.700178735533
1736497171.01056,1.087318066328971,919.6974888308413
1736497171.01251,1.0888203742887461,918.4274864972793
1736497171.0144699,1.0904900811962714,917.0193022807357
1736497171.01642,1.092153836139939,915.6219478474982
1736497171.0183702,1.093685756654894,914.3404133125541
1736497171.0203202,1.094965865671051,913.2720845029775
1736497171.02228,1.095878453175631,912.5107328416098
1736497171.02423,1.0963181025673023,912.1418406229516
1736497171.02618,1.0964783596912377,912.0051723598798
1736497171.0281398,1.0967375051589312,911.7888281114172
1736497171.03009,1.0974741566772572,911.1806762962725
1736497171.03204,1.0990206802775058,909.906594422906
1736497171.034,1.1011442152684179,908.1575404974375
1736497171.03595,1.1031953852426881,906.4672105813816
1736497171.0379,1.1045514924568751,905.3473261444153
1736497171.03986,1.1046483667190787,905.2616218316891
1736497171.04181,1.103783246278796,905.9675302055788
1736497171.04376,1.1028230210798518,906.7552359273096
1736497171.0457199,1.102642745634854,906.9083056227555
1736497171.04767,1.1040285614102425,905.7828388601914
1736497171.0496202,1.1066495543068697,903.6475110680665
1736497171.0515702,1.1094424294601217,901.3692291945819
1736497171.05353,1.1113371244452925,899.8204118858956
1736497171.05548,1.1113426010067518,899.809273095677
1736497171.05743,1.1098080014808884,901.0532069102667
1736497171.0593898,1.1079263143202236,902.582871914052
1736497171.06134,1.1069380600528977,903.3902652722707
1736497171.06329,1.107931031165978,902.5913320775709
1736497171.06525,1.1105727798566645,900.4542682721599
1736497171.0672,1.1135264714280284,898.0620245067454
1736497171.06915,1.1154801483726988,896.4774700713559
1736497171.07111,1.1152323434986962,896.6740170355015
1736497171.07306,1.1131397818373239,898.3640462759981
1736497171.07501,1.1105800585379753,900.4336491907284
1736497171.0769699,1.1089395962284696,901.7618030741046
1736497171.07892,1.1094992032268836,901.3127755819486
1736497171.0808702,1.111921359064048,899.3584739319771
1736497171.0828202,1.1148283648644168,897.0112504464444
1736497171.08478,1.116830000496042,895.3935674627983
1736497171.08673,1.1166357069015418,895.5475149017562
1736497171.08868,1.114575458943508,897.2075543139753
1736497171.0906398,1.1120024179958432,899.2825604930393
1736497171.09259,1.110331663678605,900.631463408719
1736497171.09454,1.1108067989818744,900.2513974479599
1736497171.0965,1.1131538586367125,898.3624239784257
1736497171.09845,1.1160325527141934,896.0438570137011
1736497171.1004,1.1181213522770486,894.3599326050941
1736497171.10236,1.1182052072568511,894.2891748210671
1736497171.10431,1.1165233694964054,895.6397856247243
1736497171.10626,1.1142764855475296,897.4462147650456
1736497171.1082199,1.1126708744604963,898.738369174354
1736497171.11017,1.1128335881452205,898.6098293864367
1736497171.1121202,1.1145966598389327,897.1949681833815
1736497171.1140702,1.1169642129255062,895.2935155357707
1736497171.11603,1.1189331420203579,893.7110064849282
1736497171.11798,1.119551969700395,893.2115860080265
1736497171.11993,1.1189032654181081,893.7295536944608
1736497171.1218898,1.1177138892309886,894.6821793623744
1736497171.12384,1.1167434922352109,895.460445417063
1736497171.12579,1.116674231500802,895.5174173522814
1736497171.12775,1.1175025330212223,894.8556011887457
1736497171.1297,1.1187476148643787,893.8598251317987
1736497171.13165,1.1199329695195808,892.9115211130726
1736497171.13361,1.1206132499729795,892.3671727018435
1736497171.13556,1.1207164156528513,892.2844580443899
1736497171.13751,1.120434820574677,892.5094305478046
1736497171.1394699,1.1199575032183766,892.8907916969115
1736497171.14142,1.1194770218362433,893.2744554450964
1736497171.1433702,1.1191229296831162,893.5569817813871
1736497171.1453202,1.118990267134738,893.6627081210097
1736497171.14728,1.1191751390445637,893.5151269301616
1736497171.14923,1.1197491418583814,893.0572754877064
1736497171.15118,1.1205290596531945,892.4353612411236
1736497171.1531398,1.1211638879589518,891.9293792675753
1736497171.15509,1.121289524186758,891.8297652285487
1736497171.15704,1.120598902600296,892.3814498114707
1736497171.159,1.1193224661629184,893.400446903447
1736497171.16095,1.1180760486165693,894.3952334511375
1736497171.1629,1.1174613113551295,894.8856029679475
1736497171.16486,1.1180231079261789,894.4367077533991
1736497171.16681,1.1194695787863995,893.2817981504301
1736497171.16876,1.1209722456880387,892.0825939230341
1736497171.1707199,1.1216940079541375,891.5077112404854
1736497171.17267,1.120875596133599,892.163538787879
1736497171.1746202,1.1188456747902966,893.7870910071185
1736497171.1765702,1.116637771992664,895.5520930857598
1736497171.17853,1.1152945712033568,896.6249482976787
1736497171.18048,1.115772821364831,896.2408296269707
1736497171.18243,1.1177144575881763,894.6866645192956
1736497171.1843898,1.119927346751709,892.9166018747742
1736497171.18634,1.121167286892703,891.9264397911492
1736497171.18829,1.1203493800791786,892.584426729257
1736497171.19025,1.117825963469454,894.6077874517309
1736497171.1922,1.1149642744885553,896.900914553091
1736497171.19415,1.1131086456306232,898.3865853770589
1736497171.19611,1.113489549484891,898.0788525322694
1736497171.19806,1.1157355569130945,896.2761952461865
1736497171.20001,1.1184289874161786,894.1159280984025
1736497171.2019699,1.1201424310676273,892.7431895896246
1736497171.20392,1.1195572550527553,893.2157535792858
1736497171.2058702,1.1170253380451456,895.2504445318141
1736497171.2078202,1.1139718804917749,897.702472255455
1736497171.20978,1.1118345984970714,899.4169884550154
1736497171.21173,1.1119503029666509,899.3203183169097
1736497171.21368,1.113992242768575,897.6760252821418
1736497171.2156398,1.1165843719637152,895.5911900650754
1736497171.21759,1.1182878084446304,894.2234203671009
1736497171.21954,1.117834706590486,894.5926160382181
1736497171.2215,1.115465610686047,896.5038713825006
1736497171.22345,1.1124818358575637,898.907919279865
1736497171.2254,1.1101658070906057,900.7707634877682
1736497171.22736,1.1096953863603436,901.1428348431258
1736497171.22931,1.1108528933964148,900.2019864363513
1736497171.23126,1.1124881916312526,898.8791625474263
1736497171.2332199,1.1134443774561251,898.1108546042801
1736497171.23517,1.1126471583243267,898.7664498291942
1736497171.2371202,1.1102277260341178,900.7379682106342
1736497171.2390702,1.1070958711971715,903.2860690840708
1736497171.24103,1.1041619909752114,905.6709437012768
1736497171.24298,1.102305677042891,907.1781291042436
1736497171.24493,1.10143179521974,907.8891070938622
1736497171.2468898,1.1008440494969038,908.3764982023863
1736497171.24884,1.0998412747850286,909.2167781619571
1736497171.25079,1.0977708461081839,910.9466237509687
1736497171.25275,1.0946190092416672,913.5787022177325
1736497171.2547,1.0908564802490506,916.7273876431904
1736497171.25665,1.0869150275351749,920.0396557786137
1736497171.25861,1.0831921970146112,923.1909104952535
1736497171.26056,1.0797845960126002,926.1019376416781
1736497171.26251,1.0764950594158484,928.9359850947742
1736497171.2644699,1.0731250330123616,931.8578290504191
1736497171.26642,1.0695316896636433,934.9851028125347
1736497171.2683702,1.065589862711807,938.4350487234922
1736497171.2703202,1.0612371153286442,942.2804425051753
1736497171.27228,1.0563849013444182,946.6177096182104
1736497171.27423,1.0510381392423034,951.4578873667446
1736497171.27618,1.0453643669718498,956.6449472890077
1736497171.2781398,1.0396813271884533,961.8752681701135
1736497171.28009,1.0343947944459069,966.7639158782271
1736497171.28204,1.0297826330385615,971.0460352859415
1736497171.284,1.0256097393441743,974.9584113538812
1736497171.28595,1.0213574048508858,979.0169665666118
1736497171.2879,1.0164399803773376,983.8003686368037
1736497171.28986,1.0103256451108193,989.8342737460719
1736497171.29181,1.0033850720225261,996.738460195807
1736497171.29376,0.9964275512935693,1003.6898349949402
1736497171.2957199,0.9902722309503658,1009.8560146694616
1736497171.29767,0.9857432688954205,1014.4021391131091
1736497171.2996202,0.982514505097615,1017.6773075626916
1736497171.3015702,0.97959714862758,1020.7153855641086
1736497171.30353,0.9759672585710846,1024.5873797035247
1736497171.30548,0.9707589845224505,1030.1953108678426
1736497171.30743,0.9643151362403135,1037.1501578837558
1736497171.3093898,0.957796320447816,1044.190005000446
1736497171.31134,0.9524782169469221,1049.9288110346258
1736497171.31329,0.949416289980453,1053.2203472367173
1736497171.31525,0.9482620506528648,1054.4582644691852
1736497171.3172,0.9477274285461539,1055.0667901442534
1736497171.31915,0.9464918252256908,1056.5052497748736
1736497171.32111,0.9433527940813518,1060.1015595178383
1736497171.32306,0.9387332381161131,1065.362011990867
1736497171.32501,0.9340471621425437,1070.6842118601166
1736497171.3269699,0.9307260920416012,1074.445876888771
1736497171.32892,0.930115164174609,1075.122977658134
1736497171.3308702,0.9318552276592882,1073.126353940286
1736497171.3328202,0.9345173778825374,1070.0814395489604
1736497171.33478,0.9366607951580608,1067.6270943375991
1736497171.33673,0.936943062469024,1067.2907999987044
1736497171.33868,0.9356659976764914,1068.7332378224273
1736497171.3406398,0.9341757072697434,1070.4298335794292
1736497171.34259,0.933863693833501,1070.8043902407185
1736497171.34454,0.9359664813697144,1068.4558799475394
1736497171.3465,0.940226996191448,1063.6696823757343
1736497171.34845,0.9453042820670053,1057.954553131479
1736497171.3504,0.9499042050544683,1052.7667732277496
1736497171.35236,0.9528418204839998,1049.4411982101133
1736497171.35431,0.9542952886062418,1047.798635293712
1736497171.35626,0.9554165341776835,1046.5765665123308
1736497171.3582199,0.9573669507422513,1044.502987746684
1736497171.36017,0.961178968116384,1040.445279176369
1736497171.3621202,0.9666930119066574,1034.567718614392
1736497171.3640702,0.9729356370898238,1027.9194653521172
1736497171.36603,0.9789487076734193,1021.5338532991992
1736497171.36798,0.9837617045313245,1016.4572372648837
1736497171.36993,0.9874652036574139,1012.6075129793971
1736497171.3718898,0.990775127195554,1009.2384591024261
1736497171.37384,0.9943726367726181,1005.6384769658106
1736497171.37579,0.9989277735908795,1001.1080296628949
1736497171.37775,1.0044382996485646,995.6434975595656
1736497171.3797,1.0103610045843727,989.7966720363031
1736497171.38165,1.0162271320582523,984.0457516254305
1736497171.38361,1.0216008961318928,978.8359466863037
1736497171.38556,1.026361840581209,974.2846686708051
1736497171.38751,1.0307350578134093,970.1596944830923
1736497171.3894699,1.0349418582663448,966.2332241998631
1736497171.39142,1.0391338193840984,962.3439258771449
1736497171.3933702,1.0434318638488085,958.377709076495
1736497171.3953202,1.047871994181511,954.3121646564799
1736497171.39728,1.0525143292141483,950.1033599830574
1736497171.39923,1.0573326140902222,945.7841643259655
1736497171.40118,1.0621759611841224,941.4828909801943
1736497171.4031398,1.066764215709211,937.434195527746
1736497171.40509,1.0707466383116142,933.9347680783535
1736497171.40704,1.0738818195884678,931.1861993228636
1736497171.409,1.0763993491775954,928.9914343861988
1736497171.41095,1.0788127582469265,926.9135722287525
1736497171.4129,1.0816778364449446,924.4789164451151
1736497171.41486,1.0854972632233426,921.2588487974967
1736497171.41681,1.0899697975184381,917.5003133829194
1736497171.41876,1.0943621099659204,913.8131152521726
1736497171.4207199,1.0979300698242407,910.8162159697773
1736497171.42267,1.0999577538259895,909.105936504131
1736497171.4246202,1.1007708384481711,908.4165612128837
1736497171.4265702,1.1013255237973603,907.9612583554172
1736497171.42853,1.102599689624968,906.9354675321595
1736497171.43048,1.1054524668919168,904.6312253554429
1736497171.43243,1.1095465531152646,901.3165730682008
1736497171.4343898,1.1137587257894996,897.9005869532931
1736497171.43634,1.1168854948582112,895.3575130798088
1736497171.43829,1.1179075117615371,894.5129171337809
1736497171.44025,1.117187515389646,895.0790169733982
1736497171.4422,1.1160399239742238,896.0015703900569
1736497171.44415,1.1157828803333756,896.2230853009389
1736497171.44611,1.1176220535205759,894.7760614935099
1736497171.44806,1.1211811408423273,891.955571485415
1736497171.45001,1.125087884029043,888.852120764716
1736497171.4519699,1.127958601375925,886.5652232128801
1736497171.45392,1.1284980749466558,886.1245066818632
1736497171.4558702,1.1270598320531395,887.2530932906474
1736497171.4578202,1.125038451059202,888.8493307694057
1736497171.45978,1.1238453940229935,889.79823114262
1736497171.46173,1.1247805387083558,889.0725917285373
1736497171.46368,1.1275361308633278,886.912244244612
1736497171.4656398,1.13078077669065,884.363703720904
1736497171.46759,1.1331113177140015,882.5299138739917
1736497171.46954,1.1333026975660279,882.3739873078423
1736497171.4715,1.1316092881070745,883.6976086744952
1736497171.47345,1.1293165688608653,885.49310105324
1736497171.4754,1.1277008693146044,886.7598774966558
1736497171.47736,1.1279344558829165,886.5789153351009
1736497171.47931,1.1297859501381582,885.1308624880186
1736497171.48126,1.1321041240650795,883.3170682662973
1736497171.4832199,1.133730705743438,882.0443981442685
1736497171.48517,1.1335836110894566,882.1600435624437
1736497171.4871202,1.1318396278356742,883.5254462521891
1736497171.4890702,1.129479156232891,885.3727682818592
1736497171.49103,1.1274892007283819,886.9289875164548
1736497171.49298,1.1268049519919638,887.461761667323
1736497171.49493,1.1273210160919351,887.0544545987116
1736497171.4968898,1.1282820843033752,886.2999484095882
1736497171.49884,1.1289035145347153,885.8141352719745
1736497171.50079,1.1284783736968589,886.1518812714163
1736497171.50275,1.127020528014741,887.3020514443704
1736497171.5047,1.1250559390328958,888.8512836287953
1736497171.50665,1.1230974561075096,890.3965902446432
1736497171.50861,1.1216215851673934,891.5635477611308
1736497171.51056,1.120696275653654,892.2985084592679
1736497171.51251,1.1200816976526067,892.7896850378395
1736497171.5144699,1.1195393847120096,893.22422393356
1736497171.51642,1.1188472713453106,893.7764869774915
1736497171.5183702,1.117885426128843,894.5434803302505
1736497171.5203202,1.1166095049103635,895.5646063043787
1736497171.52228,1.1149669711068892,896.8859314546273
1736497171.52423,1.1129480800007179,898.5186466599221
1736497171.52618,1.1107287042986977,900.3191722793454
1736497171.5281398,1.1086209336459318,902.030845794627
1736497171.53009,1.106971228865985,903.3690341398417
1736497171.53204,1.1060508940085012,904.1107005506168
1736497171.534,1.105629637610821,904.4467739683791
1736497171.53595,1.1051427193079721,904.8443005223235
1736497171.5379,1.1040146406878013,905.7790102155262
1736497171.53986,1.1017236910869275,907.6820460886995
1736497171.54181,1.0985802855991582,910.2933254964508
1736497171.54376,1.0953844260962042,912.9460917013043
1736497171.5457199,1.0929446567476129,914.9664504667162
1736497171.54767,1.0920203901321406,915.721999354252
1736497171.5496202,1.0922935457465446,915.4823076492788
1736497171.5515702,1.092774354372807,915.0795639574957
1736497171.55353,1.0924556403935282,915.3606405060424
1736497171.55548,1.0904358472515951,917.0829476134437
1736497171.55743,1.0870387082159132,919.9685978399249
1736497171.5593898,1.0833806547263445,923.0697931358835
1736497171.56134,1.080650642729768,925.3772998733879
1736497171.56329,1.0798657735590989,926.0281422337052
1736497171.56525,1.0807034072660937,925.3015802844373
1736497171.5672,1.081917667978818,924.2641722096834
1736497171.56915,1.082261199533927,923.9835161490462
1736497171.57111,1.0805933732449031,925.4356403094807
1736497171.57306,1.0772796098318191,928.30172349444
1736497171.57501,1.0736355600504308,931.4464593908529
1736497171.5769699,1.0709877669944807,933.7250715378976
1736497171.57892,1.0705753226978987,934.0686702756166
1736497171.5808702,1.0720453024643704,932.7858656906094
1736497171.5828202,1.0740376031695444,931.0569193205263
1736497171.58478,1.075175600625678,930.0764350181921
1736497171.58673,1.0741936932899303,930.942295433297
1736497171.58868,1.0714145256975474,933.3711337908242
1736497171.5906398,1.068172472076206,936.1996196805829
1736497171.59259,1.0658733603976203,938.2021456873596
1736497171.59454,1.0657445835884398,938.3088269087375
1736497171.5965,1.0675313303801428,936.7433681466376
1736497171.59845,1.0699439608943513,934.6327369228519
1736497171.6004,1.0717032824060162,933.0946864344668
1736497171.60236,1.0716332657766972,933.156819229616
1736497171.60431,1.0699423895142621,934.6364490397826
1736497171.60626,1.0677506485572477,936.5540989924575
1736497171.6082199,1.0661841808393377,937.9249260189484
1736497171.61017,1.066295870084431,937.8281149653669
1736497171.6121202,1.0679261612994413,936.4029180828742
1736497171.6140702,1.070141425460798,934.4653613105374
1736497171.61603,1.0720013942567932,932.8372626428962
1736497171.61798,1.0726160389362918,932.2966393596124
1736497171.61993,1.0720901500577837,932.7528315607807
1736497171.6218898,1.0711504265117588,933.5721877310275
1736497171.62384,1.0705519144407112,934.0963204960157
1736497171.62579,1.070972984741,933.7336504742055
1736497171.62775,1.072378670688392,932.5141285416263
1736497171.6297,1.0742280122876153,930.9084730743331
1736497171.63165,1.0759926721417548,929.3764828774933
1736497171.63361,1.0771821060175832,928.3450742303897
1736497171.63556,1.0777553247115654,927.8499659317403
1736497171.63751,1.0779987882377604,927.642025875318
1736497171.6394699,1.0781976703866702,927.4732458277699
1736497171.64142,1.0786212691996984,927.1095042279732
1736497171.6433702,1.0793750192653844,926.4609819442646
1736497171.6453202,1.0804533697077023,925.535506696073
1736497171.64728,1.0818568422267512,924.335777620058
1736497171.64923,1.0835503853021655,922.8945359101419
1736497171.65118,1.0853540283148972,921.3639614363797
1736497171.6531398,1.0869792289102975,919.9861773562591
1736497171.65509,1.0881109795982178,919.0256939322815
1736497171.65704,1.088500554417538,918.6911985060799
1736497171.659,1.088377501477393,918.7902272196468
1736497171.66095,1.0882990100203327,918.8555202146016
1736497171.6629,1.088824706316393,918.4177010918501
1736497171.66486,1.0904615169334473,917.0515033797049
1736497171.66681,1.09291706655345,914.999990563299
1736497171.66876,1.0954143681704653,912.911500442648
1736497171.6707199,1.0971680222418443,911.4413636192759
1736497171.67267,1.09745041038633,911.1970077669991
1736497171.6746202,1.0965810594748913,911.9144523558107
1736497171.6765702,1.0955417317718494,912.7787899838842
1736497171.67853,1.095328545962178,912.9632229697288
1736497171.68048,1.096838677703589,911.722713555325
1736497171.68243,1.0997207654700982,909.3457475729864
1736497171.6843898,1.1028204075745758,906.7854611584243
1736497171.68634,1.1049187821234914,905.048233524638
1736497171.68829,1.104965759028135,905.0013472104955
1736497171.69025,1.1033056659230545,906.3629825420155
1736497171.6922,1.1012562574135263,908.0492677349803
1736497171.69415,1.100125013660047,908.9846880897134
1736497171.69611,1.101108036651576,908.1852511480319
1736497171.69806,1.103840150670414,905.9488942615379
1736497171.70001,1.1069520608268943,903.3982216598496
1736497171.7019699,1.1090638897748117,901.664477501048
1736497171.70392,1.1088959839211119,901.7969087282133
1736497171.7058702,1.1068117195396294,903.4992467563254
1736497171.7078202,1.1042235287041635,905.6161898466337
1736497171.70978,1.1025584722041302,906.9804695803558
1736497171.71173,1.1031364595109292,906.5123232134542
1736497171.71368,1.1056320291472137,904.4766655142048
1736497171.7156398,1.1086776769247122,901.9899762520338
1736497171.71759,1.1108364859810003,900.225427320276
1736497171.71954,1.1108502811285619,900.2103423304832
1736497171.7215,1.1089832355788038,901.7300709567018
1736497171.72345,1.1065616170575834,903.7035375303253
1736497171.7254,1.1049002431709987,905.0589506321264
1736497171.72736,1.1052078719994782,904.8109395547594
1736497171.72931,1.10724454142716,903.1542108696594
1736497171.73126,1.1098225439315925,901.0555417551219
1736497171.7332199,1.1117481092486514,899.4866282291288
1736497171.73517,1.1119038771096281,899.35705208363
1736497171.7371202,1.1104948966696386,900.5006314761193
1736497171.7390702,1.108567349312844,902.0669706256981
1736497171.74103,1.1071783548143896,903.1967793447693
1736497171.74298,1.1073160193462401,903.0868090336943
1736497171.74493,1.1088404864652475,901.8501789256226
1736497171.7468898,1.1109015893396426,900.1770574017072
1736497171.74884,1.1126018878756376,898.7959977964827
1736497171.75079,1.1131467583326986,898.3521148601628
1736497171.75275,1.1125673392274873,898.8204472738255
1736497171.7547,1.1114640738733574,899.7140980760549
1736497171.75665,1.1104385132072017,900.5452426279857
1736497171.75861,1.1100502364848206,900.8600936094693
1736497171.76056,1.1103478572984908,900.6191134464156
1736497171.76251,1.1110322572775564,900.0646798431943
1736497171.7644699,1.1118060758159414,899.4377478161309
1736497171.76642,1.1123739644461113,898.9776408285693
1736497171.7683702,1.1126291716622327,898.7708656474321
1736497171.7703202,1.112577469545707,898.8127518871123
1736497171.77228,1.1122243321238394,899.0988705238843
1736497171.77423,1.1115935675073685,899.6099351617721
1736497171.77618,1.1108532129742514,900.2097689027665
1736497171.7781398,1.110268915937191,900.6830865042784
1736497171.78009,1.110117132526378,900.8058462809128
1736497171.78204,1.1106260633947858,900.393124798584
1736497171.784,1.1115760453882657,899.6231262070555
1736497171.78595,1.112428319139283,898.9327705011196
1736497171.7879,1.1126544893732575,898.7505768092549
1736497171.78986,1.11177746379905,899.4634391560556
1736497171.79181,1.1100953987906566,900.8291853656615
1736497171.79376,1.1083944279792581,902.2097124152807
1736497171.7957199,1.1074693172870322,902.9599015326205
1736497171.79767,1.1080421439469135,902.4936901446393
1736497171.7996202,1.1097706516291743,901.0894392221519
1736497171.8015702,1.1116263515972533,899.5828677142014
1736497171.80353,1.1125697067156655,898.8186818288824
1736497171.80548,1.1116539652503654,899.5661000225588
1736497171.80743,1.109249824029017,901.5231869122517
1736497171.8093898,1.106567267565724,903.7055842947748
1736497171.81134,1.1048754879124894,905.0807756417502
1736497171.81329,1.1052764072633727,904.7523815156985
1736497171.81525,1.1074228752231345,903.0035196171868
1736497171.8172,1.1099503154558636,900.9454880205768
1736497171.81915,1.111511171739157,899.6757017837759
1736497171.82111,1.110871837439543,900.1987554868056
1736497171.82306,1.1083964736983807,902.2174894253351
1736497171.82501,1.1054862280716071,904.5899346513694
1736497171.8269699,1.1035521685834855,906.1660277669286
1736497171.82892,1.1039014872900925,905.8803910232579
1736497171.8308702,1.106187303395388,904.015986542174
1736497171.8328202,1.1090036396538354,901.7191192563612
1736497171.83478,1.1109312025432718,900.146945089872
1736497171.83673,1.1106529069611357,900.3733060127349
1736497171.83868,1.108489691176357,902.136640580502
1736497171.8406398,1.1057977055820016,904.3314410658833
1736497171.84259,1.10399705004615,905.8000620076054
1736497171.84454,1.104335083982442,905.5256488358722
1736497171.8465,1.106546871654364,903.7238118632667
1736497171.84845,1.1093068055309638,901.4745604119546
1736497171.8504,1.1113060060978444,899.8442838967012
1736497171.85236,1.1113413059650301,899.8132675218515
1736497171.85431,1.109648498201212,901.1899359344982
1736497171.85626,1.107413408449277,903.0089657583364
1736497171.8582199,1.1058278113834612,904.3002035105073
1736497171.86017,1.1060026706258186,904.1592354633128
1736497171.8621202,1.107739948208321,902.746823796168
1736497171.8640702,1.110004113920804,900.9052106751747
1736497171.86603,1.1117507665822726,899.4838541232938
1736497171.86798,1.111996719158478,899.2824540922053
1736497171.86993,1.1108631963075937,900.2026478308385
1736497171.8718898,1.1091625624059682,901.5840733261712
1736497171.87384,1.1077487288262224,902.7326065176401
1736497171.87579,1.107379204837851,903.0324658240792
1736497171.87775,1.107993900285573,902.5324134737508
1736497171.8797,1.1089698922500983,901.7386859384615
1736497171.88165,1.1096842598737693,901.1575118070657
1736497171.88361,1.1095533592965563,901.2632950978107
1736497171.88556,1.1085256900398048,902.0991307390716
1736497171.88751,1.1068984804436903,903.425445659575
1736497171.8894699,1.1049631303577074,905.0074822224174
1736497171.89142,1.1030258425380757,906.5980781402939
1736497171.8933702,1.1011739030033427,908.1253396921634
1736497171.8953202,1.0993791424616965,909.6093326849209
1736497171.89728,1.097601613498268,911.0797954099858
1736497171.89923,1.0958191186123005,912.5525584806819
1736497171.90118,1.0938751111336549,914.1640818889817
1736497171.9031398,1.0915374674686482,916.1198048540585
1736497171.90509,1.0886077598433777,918.5970729006982
1736497171.90704,1.0848870790986436,921.7722023487796
1736497171.909,1.0805417472611656,925.5004931179252
1736497171.91095,1.0760567896063333,929.3584800913338
1736497171.9129,1.071855990579873,932.9751422246309
1736497171.91486,1.0683151928721992,936.0228437472142
1736497171.91681,1.0652316421549681,938.6963420200726
1736497171.91876,1.0619319611608773,941.6114148273723
1736497171.9207199,1.0577314447835835,945.3949932983741
1736497171.92267,1.0520833490595098,950.5478192070345
1736497171.9246202,1.0452825316008285,956.7906164944064
1736497171.9265702,1.0382412452126293,963.2736615972781
1736497171.92853,1.0318512720385653,969.1660772535793
1736497171.93048,1.0270077784918445,973.6368264141116
1736497171.93243,1.0233742815619333,977.0268673579756
1736497171.9343898,1.019880843941097,980.378507910636
1736497171.93634,1.0154926793538146,984.7000817149267
1736497171.93829,1.0092384541257013,990.9349662266264
1736497171.94025,1.0014391788390404,998.7438557076437
1736497171.9422,0.9934134574823028,1006.7953492588115
1736497171.94415,0.9863763633770749,1013.861814227294
1736497171.94611,0.9814394235690124,1018.8227554062089
1736497171.94806,0.978328144869046,1021.9850494444557
1736497171.95001,0.9757287083508015,1024.722564189121
1736497171.9519699,0.9723210844649903,1028.4176156290769
1736497171.95392,0.9669619569143895,1034.2624244034278
1736497171.9558702,0.9599972585325964,1041.8567177966127
1736497171.9578202,0.9528057345612837,1049.6952395821838
1736497171.95978,0.9467568048142118,1056.283224860626
1736497171.96173,0.9431827141768822,1060.1680346391724
1736497171.96368,0.9417580901797076,1061.7220953472995
1736497171.9656398,0.9411562432020989,1062.4218012545462
1736497171.96759,0.9400353323216766,1063.759615275093
1736497171.96954,0.9371736864910201,1067.0925438760144
1736497171.9715,0.932828195913181,1072.1091490950707
1736497171.97345,0.9283210137006419,1077.2937249243585
1736497171.9754,0.9249242831905229,1081.1887730123462
1736497171.97736,0.9238131454481445,1082.448067244951
1736497171.97931,0.9247607366663804,1081.3376852777114
1736497171.98126,0.9265868985545218,1079.219493587687
1736497171.9832199,0.9281126781529684,1077.4540218104905
1736497171.98517,0.9282382646001456,1077.3104167206009
1736497171.9871202,0.9271503484916126,1078.5718097960732
1736497171.9890702,0.9258602633607309,1080.0688639265409
1736497171.99103,0.9253952920494205,1080.613861550591
1736497171.99298,0.9267026102097146,1079.1116402991688
1736497171.99493,0.9296575027723428,1075.7070801294274
1736497171.9968898,0.9334588702810978,1071.32756191337
1736497171.99884,0.9372324313071531,1066.9848494142093
1736497172.00079,0.9402272505313075,1063.5489449346219
1736497172.00275,0.94248039192551,1060.986702455101
1736497172.0047,0.9445243590301017,1058.696620856137
1736497172.00665,0.9469338849577811,1056.0289928567063
1736497172.00861,0.9502473972153277,1052.3760623913324
1736497172.01056,0.9544280382210271,1047.7810175642403
1736497172.01251,0.9591430611838978,1042.6242515878348
1736497172.0144699,0.9640639236193034,1037.2822716433725
1736497172.01642,0.9688059737137273,1032.1908663629915
1736497172.0183702,0.9732876776717566,1027.4374792608771
1736497172.0203202,0.9775524110189413,1022.9613527119272
1736497172.02228,0.9816680907761438,1018.6758560480189
1736497172.02423,0.9856484880625495,1014.5524282955422
1736497172.02618,0.9896591654306582,1010.4262141966105
1736497172.0281398,0.9939266738744812,1006.0840320072634
1736497172.03009,0.9986153122641969,1001.3762171874383
1736497172.03204,1.003917301683672,996.1220319468325
1736497172.034,1.0096415818523068,990.5026035757036
1736497172.03595,1.015248011475602,985.0314443165778
1736497172.0379,1.0202788763052877,980.1409281239557
1736497172.03986,1.0243231418259173,976.220552300181
1736497172.04181,1.027595377987274,973.0760591833366
1736497172.04376,1.0308247574205442,970.0292082824861
1736497172.0457199,1.0347471366280687,966.3966756262265
1736497172.04767,1.0399606919799154,961.6214152092912
1736497172.0496202,1.0461633361255274,955.966932636964
1736497172.0515702,1.052400485197504,950.2924508233283
1736497172.05353,1.057731192250525,945.4448122750337
1736497172.05548,1.0612332041731878,942.2557513956839
1736497172.05743,1.0632690779447362,940.4117985484712
1736497172.0593898,1.0649754073791573,938.9113482505475
1736497172.06134,1.067481597309676,936.7588329388905
1736497172.06329,1.0718216123950857,933.0411650700983
1736497172.06525,1.0776623992310788,928.0324457881984
1736497172.0672,1.0836546845345192,922.8879232226593
1736497172.06915,1.0885228971789536,918.6998352146031
1736497172.07111,1.0910985573574457,916.4695332415674
1736497172.07306,1.0917136358646387,915.9251042546223
1736497172.07501,1.091754770157851,915.898447964749
1736497172.0769699,1.0926147571256468,915.2168526221985
1736497172.07892,1.0955441697222195,912.8255496299818
1736497172.0808702,1.1002197423920312,908.982391585796
1736497172.0828202,1.1052687594282418,904.8200099401424
1736497172.08478,1.1093168462150222,901.4725079111166
1736497172.08673,1.1110575534761515,900.0187408154294
1736497172.08868,1.1108224333036716,900.1939392941387
1736497172.0906398,1.1099550364850372,900.9036570984936
1736497172.09259,1.1098356055570928,901.0233660018222
1736497172.09454,1.111700232227197,899.5453109001705
1736497172.0965,1.1152886074688677,896.6732562304546
1736497172.09845,1.119271407541269,893.475826023142
1736497172.1004,1.1223571928195055,890.991499693929
1736497172.10236,1.1233582403490854,890.1755595125081
1736497172.10431,1.1225188160017137,890.8363767311362
1736497172.10626,1.1210531686830498,892.0050562005223
1736497172.1082199,1.120179774512232,892.7094427211924
1736497172.11017,1.1210239292787167,892.0513249204542
1736497172.1121202,1.1233894920314962,890.183678797436
1736497172.1140702,1.1262235333663002,887.9409116774146
1736497172.11603,1.1284664682500003,886.1627399417587
1736497172.11798,1.1291155781583706,885.6439564249774
1736497172.11993,1.1283166068270762,886.2707053176766
1736497172.1218898,1.1269294396504308,887.3641432808315
1736497172.12384,1.1258514677103095,888.2158150198951
1736497172.12579,1.1258839888372112,888.1930276428147
1736497172.12775,1.1269623518258747,887.345934077272
1736497172.1297,1.1284191724402377,886.1999052337575
1736497172.13165,1.129593473514908,885.2753114503159
1736497172.13361,1.129870627091138,885.0560434942403
1736497172.13556,1.1292503098824886,885.5427400664468
1736497172.13751,1.128145163756421,886.4111408549285
1736497172.1394699,1.1269652955102476,887.3389858303013
1736497172.14142,1.126113046360745,888.0100746357003
1736497172.1433702,1.1256497260501093,888.3758344412333
1736497172.1453202,1.125429736774491,888.5500366828024
1736497172.14728,1.1253028380276915,888.6500955293329
1736497172.14923,1.1251217556674824,888.7912738052614
1736497172.15118,1.124757136169887,889.0769843638157
1736497172.1531398,1.1240888887643894,889.6048574710486
1736497172.15509,1.1230074496061164,890.4642373737546
1736497172.15704,1.12141926209412,891.731387195751
1736497172.159,1.1195160595739844,893.2523044029396
1736497172.16095,1.1177140348334016,894.6920707641738
1736497172.1629,1.1164031491474473,895.7367097584524
1736497172.16486,1.1159316417310752,896.106005801974
1736497172.16681,1.1160415478375105,896.0099243286455
1736497172.16876,1.1160641590472384,895.9902452131964
1736497172.1707199,1.1153218973638581,896.5960366716466
1736497172.17267,1.1132237940701164,898.3058628990622
1736497172.1746202,1.1100811113705413,900.8643008920608
1736497172.1765702,1.1068099474470277,903.5238531966418
1736497172.17853,1.1043271577199512,905.5363526171278
1736497172.18048,1.1034910712698207,906.2020139397522
1736497172.18243,1.1039536535182681,905.8102394266433
1736497172.1843898,1.1046131541890676,905.2688542691968
1736497172.18634,1.1043407178514533,905.5079071497763
1736497172.18829,1.102135966684244,907.3510903061905
1736497172.19025,1.0983425063017063,910.5089917396913
1736497172.1922,1.0942750952883462,913.8875734769729
1736497172.19415,1.0912054844156243,916.4286850358184
1736497172.19611,1.0902962146340618,917.1654426004803
1736497172.19806,1.0911868077688494,916.4050031316009
1736497172.20001,1.0924898198164248,915.3129581165033
1736497172.2019699,1.0928082241512993,915.0631827943764
1736497172.20392,1.0908730027872369,916.7211441747977
1736497172.2058702,1.0870435389331106,919.9776933597344
1736497172.2078202,1.08274615722696,923.622750662032
1736497172.20978,1.0794131428597808,926.4411937154127
1736497172.21173,1.0783939412452108,927.2888086178311
1736497172.21368,1.0793581574101745,926.4520927291933
1736497172.2156398,1.0809284248861508,925.1095537475715
1736497172.21759,1.0816795968884072,924.48046455165
1736497172.21954,1.080343570071532,925.6492696954564
1736497172.2215,1.077175357331087,928.3921235007944
1736497172.22345,1.0735116530052051,931.5556563316576
1736497172.2254,1.0706581077167616,934.0135086922899
1736497172.22736,1.0698159427829876,934.7295816025554
1736497172.22931,1.0707642320503108,933.898479146632
1736497172.23126,1.0723224927607247,932.5448448941958
1736497172.2332199,1.0733058074784154,931.6972661776933
1736497172.23517,1.0726185338527854,932.3064946782421
1736497172.2371202,1.0704601624284937,934.1962999545943
1736497172.2390702,1.0678680022242313,936.4612969489018
1736497172.24103,1.0658870902712942,938.1893836426173
1736497172.24298,1.0655017521635444,938.5215684255612
1736497172.24493,1.0665540422318986,937.5970493749455
1736497172.2468898,1.068173164078323,936.1779797882056
1736497172.24884,1.069447419011446,935.0623199701195
1736497172.25079,1.0695662813471485,934.9594051495191
1736497172.25275,1.0686034092730583,935.804222190666
1736497172.2547,1.067246090654297,936.9943177835565
1736497172.25665,1.066177143861167,937.9311776857088
1736497172.25861,1.0660306935278447,938.0589787506495
1736497172.26056,1.0667951116619274,937.3881558054884
1736497172.26251,1.0680284396056474,936.3064817088579
1736497172.2644699,1.0692905724437327,935.200110435701
1736497172.26642,1.070150109444141,934.4475122054824
1736497172.2683702,1.070543866933288,934.1037362408081
1736497172.2703202,1.070632087354968,934.0275536966413
1736497172.27228,1.0705789470574412,934.0742771363809
1736497172.27423,1.0705484202239897,934.0995701883165
1736497172.27618,1.0706828258193404,933.980205798757
1736497172.2781398,1.0711141194109077,933.603460468867
1736497172.28009,1.0719672821041482,932.8627314314809
1736497172.28204,1.0733460070224792,931.6696114705848
1736497172.284,1.0750474349444155,930.1989703208518
1736497172.28595,1.076633068950199,928.8282104359574
1736497172.2879,1.0776874714532247,927.914787037057
1736497172.28986,1.0778372572688628,927.7800726953894
1736497172.29181,1.0773342717447665,928.2087029227613
1736497172.29376,1.0768455889717197,928.6286918312805
1736497172.2957199,1.0770458872824413,928.4615984196214
1736497172.29767,1.078532665469048,927.1949015791811
1736497172.2996202,1.0810069026059195,925.082702239587
1736497172.3015702,1.0835766099551265,922.8860916191915
1736497172.30353,1.0853454165963232,921.369876677822
1736497172.30548,1.085484661719438,921.2414388264449
1736497172.30743,1.0843412150830067,922.2078923582333
1736497172.3093898,1.0830025338339866,923.3463667844114
1736497172.31134,1.0825929801442054,923.7025931442956
1736497172.31329,1.0841000576324855,922.4381894781504
1736497172.31525,1.087184876910408,919.837187193272
1736497172.3172,1.0905600650835532,916.986074474447
1736497172.31915,1.0929707832344582,914.9439672569782
1736497172.32111,1.0932696745898522,914.6794749986726
1736497172.32306,1.0918140651868453,915.8951423477504
1736497172.32501,1.0899606476534676,917.4522782638884
1736497172.3269699,1.089075742179668,918.2042256236427
1736497172.32892,1.0904076599685932,917.1028995458374
1736497172.3308702,1.0935867430461033,914.4544929810098
1736497172.3328202,1.0971918794724276,911.4451264811029
1736497172.33478,1.0997922466554804,909.2690290004837
1736497172.33673,1.100053093481885,909.040600003094
1736497172.33868,1.0983337948387648,910.4632874117387
1736497172.3406398,1.0960576544574656,912.3545932415434
1736497172.34259,1.0947065453795595,913.4833036027916
1736497172.34454,1.095588664453684,912.7622571470753
1736497172.3465,1.098419766934557,910.4246677674295
1736497172.34845,1.1017913056107511,907.6357862013588
1736497172.3504,1.1043199678444118,905.5401006296372
1736497172.35236,1.1047338217922218,905.190049156529
1736497172.35431,1.1032807359897616,906.3829916973799
1736497172.35626,1.1012215806639216,908.0795099169145
1736497172.3582199,1.0998228588147343,909.2355949405919
1736497172.36017,1.1002619304679537,908.8805255736413
1736497172.3621202,1.102340870437172,907.1756227712705
1736497172.3640702,1.1049777148194668,905.0098216378789
1736497172.36603,1.1070826059631278,903.2785520789374
1736497172.36798,1.1076270535777903,902.8269606741947
1736497172.36993,1.106760550320862,903.5335721986448
1736497172.3718898,1.1053686630115087,904.6729578863451
1736497172.37384,1.1043748346850386,905.4886499978072
1736497172.37579,1.1046033265806643,905.305340283421
1736497172.37775,1.105981842275646,904.1813639187548
1736497172.3797,1.1078089489138636,902.6897912560992
1736497172.38165,1.1093936250332932,901.3952368034625
1736497172.38361,1.1100942384550403,900.8219656471342
1736497172.38556,1.1099027864763114,900.9768543622687
1736497172.38751,1.1092477607050142,901.5103292971
1736497172.3894699,1.1085557992022386,902.0743313097569
1736497172.39142,1.1082386220376519,902.3329843511417
1736497172.3933702,1.1083765717587768,902.2208204714896
1736497172.3953202,1.108842139876021,901.841992088819
1736497172.39728,1.1095076585982147,901.3007933150245
1736497172.39923,1.110233321939558,900.7113404683234
1736497172.40118,1.1108729526546797,900.1923350973832
1736497172.4031398,1.1112675807680592,899.8724938336958
1736497172.40509,1.1112523171504383,899.8853224574942
1736497172.40704,1.1106975279603204,900.3357468647487
1736497172.409,1.1098030801583463,901.0615834249801
1736497172.41095,1.1090074113327741,901.7072364184887
1736497172.4129,1.1087382562486128,901.9257982596881
1736497172.41486,1.1093808241735912,901.4048549621739
1736497172.41681,1.1106773224262796,900.353549825614
1736497172.41876,1.1119631450085061,899.3110104294085
1736497172.4207199,1.1125659918311543,898.8226074033115
1736497172.42267,1.1118787465431008,899.3808187148579
1736497172.4246202,1.1102033070652753,900.7406670352979
1736497172.4265702,1.1084304930920563,902.1793907252701
1736497172.42853,1.1074597762530238,902.9672101585617
1736497172.43048,1.1081111709982585,902.4388212490654
1736497172.43243,1.1100445948392934,900.870302408958
1736497172.4343898,1.1121816985279818,899.1368156579468
1736497172.43634,1.1133954228040204,898.1530387638779
1736497172.43829,1.1127060143694916,898.7140880264333
1736497172.44025,1.11044644252169,900.5494165839068
1736497172.4422,1.1078763139644803,902.6362231406541
1736497172.44415,1.1062349720661595,903.9681735202107
1736497172.44611,1.1066560588887686,903.6247880836686
1736497172.44806,1.1087862300652975,901.8935067818923
1736497172.45001,1.1113027274616933,899.849214351484
1736497172.4519699,1.1128731820722588,898.5746189283443
1736497172.45392,1.1122687829997526,899.0682021773216
1736497172.4558702,1.109837894891043,901.0462559217887
1736497172.4578202,1.1069429361010013,903.4006488640189
1736497172.45978,1.1049584404032171,905.0133931801462
1736497172.46173,1.105160120876229,904.8469499537333
1736497172.46368,1.1072173083365142,903.1709215891127
1736497172.4656398,1.1097852128824832,901.0801449486895
1736497172.46759,1.1114573950319624,899.7196404306833
1736497172.46954,1.1109995104725723,900.0942781477919
1736497172.4715,1.108704045320591,901.9654591799124
1736497172.47345,1.1059348837769305,904.2219927229525
1736497172.4754,1.1040378202227183,905.7674483604665
1736497172.47736,1.1042496847319212,905.5941696642459
1736497172.47931,1.1062986762838052,903.9237423536833
1736497172.48126,1.1089234010380227,901.7840616342091
1736497172.4832199,1.110856392052211,900.2079681819683
1736497172.48517,1.1109121429213589,900.1615339977499
1736497172.4871202,1.1092974674420122,901.4763040880282
1736497172.4890702,1.1071061868286163,903.261064058435
1736497172.49103,1.1054424966437157,904.6161436883658
1736497172.49298,1.1053419252449466,904.6978209018629
1736497172.49493,1.1066602942554422,903.6234821486463
1736497172.4968898,1.1085119567317347,902.1145924654545
1736497172.49884,1.1099664474139264,900.9291354807381
1736497172.50079,1.1101992075304523,900.7388202053103
1736497172.50275,1.1092826096119432,901.4847650377126
1736497172.5047,1.1079113189695506,902.6012135138834
1736497172.50665,1.1067765185702951,903.5252352340841
1736497172.50861,1.1065185175483288,903.7353289362425
1736497172.51056,1.1071203965688379,903.2451695585693
1736497172.51251,1.1081245828974344,902.4272535858278
1736497172.5144699,1.1090738739753152,901.6537728489839
1736497172.51642,1.1095258396524914,901.2849263814347
1736497172.5183702,1.1094165241505798,901.3730643203594
1736497172.5203202,1.1089166925805811,901.7796367869046
1736497172.52228,1.1081975480861983,902.3657467428211
1736497172.52423,1.107438557848813,902.9856615110459
1736497172.52618,1.1067663596945037,903.5354921761473
1736497172.5281398,1.106281344190082,903.9319447472376
1736497172.53009,1.1060904435075465,904.0863600384391
1736497172.53204,1.1062682164204383,903.9367937077025
1736497172.534,1.1066015614576845,903.6593691638896
1736497172.53595,1.1066774695106896,903.5956602539117
1736497172.5379,1.1060861239681825,904.0845742856641
1736497172.53986,1.1044552515465795,905.4338493915598
1736497172.54181,1.1020470064832963,907.4249150487387
1736497172.54376,1.0994997099812753,909.5270562017744
1736497172.5457199,1.0974561998563686,911.2057246075937
1736497172.54767,1.0965161867125024,911.9631521800567
1736497172.5496202,1.0963506050267862,912.0808098732092
1736497172.5515702,1.0960498831247503,912.327771683884
1736497172.55353,1.0946828314402366,913.4913943870982
1736497172.55548,1.0914350508170423,916.259613396891
1736497172.55743,1.0866367756851092,920.3463248479134
1736497172.5593898,1.0813637208452354,924.831026539244
1736497172.56134,1.0767877074018675,928.7114700639839
1736497172.56329,1.0738877908821405,931.1515743671315
1736497172.56525,1.0723202178855165,932.4665105338827
1736497172.5672,1.0708700029574718,933.7301790665883
1736497172.56915,1.0682856206963545,936.0473728376048
1736497172.57111,1.0634165339751984,940.4334825687922
1736497172.57306,1.0566674568095948,946.5138637692896
1736497172.57501,1.049344538592457,953.1091309798239
1736497172.5769699,1.0427602987611837,959.0342502557558
1736497172.57892,1.0382013775085712,963.130199864225
1736497172.5808702,1.0353283568198037,965.7340988653498
1736497172.5828202,1.0328317609362379,968.0777546815822
1736497172.58478,1.0293611557869147,971.4317947523039
1736497172.58673,1.0237430285496256,976.8968568242817
1736497172.58868,1.016275487004559,984.166107497488
1736497172.5906398,1.0082353561830526,991.9970818062113
1736497172.59259,1.001041666989171,999.0091140273822
1736497172.59454,0.9958690409100324,1004.0617967927694
1736497172.5965,0.9924494466702249,1007.4471815120255
1736497172.59845,0.9895880668646949,1010.3770145500791
1736497172.6004,0.9860232730840062,1014.1289104379481
1736497172.60236,0.9805965242045711,1019.8757408746937
1736497172.60431,0.973634760421954,1027.2512128447536
1736497172.60626,0.9663063557111721,1035.0204664718551
1736497172.6082199,0.9597893954453239,1041.9388720079414
1736497172.61017,0.955254300428425,1046.7707071500238
1736497172.6121202,0.9524851836588138,1049.7613453201745
1736497172.6140702,0.9504537482554736,1052.0248843131978
1736497172.61603,0.9481012377088207,1054.7090501563407
1736497172.61798,0.944495692309782,1058.8200175755226
1736497172.61993,0.939798435634527,1064.1574811567184
1736497172.6218898,0.934901770545037,1069.7140634148855
1736497172.62384,0.9307869572222367,1074.3818742683286
1736497172.62579,0.9282818395265567,1077.22691738015
1736497172.62775,0.9273006514588142,1078.3497024013318
1736497172.6297,0.9271476753558588,1078.5412262602188
1736497172.63165,0.9271011430096812,1078.6221347238347
1736497172.63361,0.9264987653168525,1079.3451369704937
1736497172.63556,0.9253692156029997,1080.6705003920526
1736497172.63751,0.9241818814886622,1082.053910233213
1736497172.6394699,0.9234130746225396,1082.9429480692033
1736497172.64142,0.9235176348075297,1082.8105020747566
1736497172.6433702,0.9245359310248246,1081.6142693447239
1736497172.6453202,0.9262481902684007,1079.6163912971908
1736497172.64728,0.9284419800613513,1077.0705698273766
1736497172.64923,0.9308764692639369,1074.262794088268
1736497172.65118,0.9334189105197312,1071.345586401163
1736497172.6531398,0.9359892363570994,1068.4053038848995
1736497172.65509,0.9384698393564056,1065.5711022242342
1736497172.65704,0.9408012749182292,1062.9071568797322
1736497172.659,0.9431682094353061,1060.217304700003
1736497172.66095,0.9458818994094826,1057.1727492410048
1736497172.6629,0.9492901723870707,1053.403173110911
1736497172.66486,0.9537094472278393,1048.5719626792104
1736497172.66681,0.9588412309834312,1042.998930421364
1736497172.66876,0.9640947482734877,1037.3129992091194
1736497172.6707199,0.9688747525603544,1032.1482021948693
1736497172.67267,0.972581882946902,1028.1454707668388
1736497172.6746202,0.9755101477761202,1025.0106403928282
1736497172.6765702,0.9784687589116101,1021.9128722509773
1736497172.67853,0.9823002732295211,1017.9870870618016
1736497172.68048,0.9877015083789146,1012.516182869391
1736497172.68243,0.9943591610974751,1005.8034236339282
1736497172.6843898,1.001273349179067,998.846764278846
1736497172.68634,1.007325588522535,992.7634963158305
1736497172.68829,1.011606841453816,988.4626634589199
1736497172.69025,1.0144372504160455,985.6468762222485
1736497172.6922,1.0169286427987005,983.2416377690863
1736497172.69415,1.0202479651077685,980.1175424349921
1736497172.69611,1.0254634583714852,975.2402213460502
1736497172.69806,1.0321834542288644,968.9596297893371
1736497172.70001,1.0391867673967883,962.414128423998
1736497172.7019699,1.0452411220481928,956.7526776538404
1736497172.70392,1.04914345377959,953.0987492979042
1736497172.7058702,1.0512445678508775,951.1448636787843
1736497172.7078202,1.0528252057968484,949.7285590579355
1736497172.70978,1.0552000808807955,947.6568865273128
1736497172.71173,1.059524884975836,943.8779850419987
1736497172.71368,1.0654806197536963,938.657396329006
1736497172.7156398,1.0717737296381096,933.1311083166594
1736497172.71759,1.076995038419449,928.5369265296312
1736497172.71954,1.0799601016607383,925.9164011506899
1736497172.7215,1.0809841715381725,925.0069772852858
1736497172.72345,1.0813870497118496,924.672685106769
1736497172.7254,1.0825201707384104,923.749646014741
1736497172.72736,1.0856245211153823,921.1687115299268
1736497172.72931,1.0904006168188793,917.171540655938
1736497172.73126,1.0956120723440244,912.7986248926754
1736497172.7332199,1.1000133927883013,909.0981063104675
1736497172.73517,1.10240475622559,907.0802999056863
1736497172.7371202,1.1030197047026529,906.5570297235224
1736497172.7390702,1.102967711327586,906.6080358199804
1736497172.74103,1.1033796833739384,906.2953666611731
1736497172.74298,1.1052843953947882,904.7647133902087
1736497172.74493,1.1085336793579461,902.1312832873183
1736497172.7468898,1.1122173573240688,899.137833364406
1736497172.74884,1.115353063340271,896.5859586859616
1736497172.75079,1.1170947404807337,895.1664525741793
1736497172.75275,1.117528968631823,894.8117693152747
1736497172.7547,1.1173699713170733,894.9440605994921
1736497172.75665,1.1173494016119616,894.9712634392812
1736497172.75861,1.1181438683873721,894.3458224300739
1736497172.76056,1.1197292636206662,893.0848312469425
1736497172.76251,1.1216389478353612,891.5623691928305
1736497172.7644699,1.1234046276782303,890.1538464809252
1736497172.76642,1.1245627464457315,889.2307770575657
1736497172.7683702,1.1250647661942659,888.8320935925753
1736497172.7703202,1.12510821500166,888.7994370910463
1736497172.77228,1.1248940322215342,888.9717143755721
1736497172.77423,1.1246222389064893,889.1886342383004
1736497172.77618,1.1244268320123858,889.3437036318927
1736497172.7781398,1.1244014568603065,889.363340046911
1736497172.78009,1.1246392521768014,889.1743898068831
1736497172.78204,1.1252106980709375,888.7216061083641
1736497172.784,1.1259334105586736,888.1496405252436
1736497172.78595,1.1264425520540764,887.7473918717152
1736497172.7879,1.12638247353558,887.7964822038405
1736497172.78986,1.1254331641126272,888.5502713002929
1736497172.79181,1.12385126789014,889.8048134512278
1736497172.79376,1.1222486910639944,891.0744565294215
1736497172.7957199,1.121243603783811,891.8685548236291
1736497172.79767,1.1213998741931372,891.7397445288996
1736497172.7996202,1.1224244542534256,890.9222487669497
1736497172.8015702,1.123475654674517,890.0867611656772
1736497172.80353,1.1236998894768178,889.9134760821356
1736497172.80548,1.122329210242501,891.014084671715
1736497172.80743,1.1196811618153137,893.1332708557012
1736497172.8093898,1.1167692329260674,895.4597580735045
1736497172.81134,1.1146663331652653,897.1348012457152
1736497172.81329,1.1142933877607164,897.4215626825339
1736497172.81525,1.1153296350425088,896.5807453780511
1736497172.8172,1.1165957396524557,895.5629153187547
1736497172.81915,1.1169152487300338,895.3161713431529
1736497172.82111,1.115211553603673,896.7079494806768
1736497172.82306,1.1118512657834914,899.4379398690609
1736497172.82501,1.1081088815980988,902.4716006347624
1736497172.8269699,1.1052680033598672,904.7669126909778
1736497172.82892,1.1045303449451414,905.3489607895888
1736497172.8308702,1.1055337866486994,904.5175968596711
1736497172.8328202,1.106930254664603,903.3766932607942
1736497172.83478,1.1073515069774875,903.0466751748503
1736497172.83673,1.1055524999688007,904.5463731409807
1736497172.83868,1.1018789504503752,907.5866479592486
1736497172.8406398,1.0976954782704917,911.0404091485847
1736497172.84259,1.0944524781809148,913.7098286586494
1736497172.84454,1.0934032518999832,914.5603124058961
1736497172.8465,1.0942598856512595,913.8355299532187
1736497172.84845,1.0956747139199734,912.6583076811069
1736497172.8504,1.0962962562355476,912.15438350874
1736497172.85236,1.0948817114958378,913.358776569611
1736497172.85431,1.091694662841222,916.0459931573218
1736497172.85626,1.0879562851447686,919.1898010799123
1736497172.8582199,1.0848942255133867,921.7584586333621
1736497172.86017,1.0836729050975924,922.7738272736169
1736497172.8621202,1.0840705132671995,922.4272990013347
1736497172.8640702,1.0849994692234604,921.6409180026029
1736497172.86603,1.0853550338556586,921.351293924818
1736497172.86798,1.084123144743044,922.4176421291165
1736497172.86993,1.081476195126834,924.6896281755537
1736497172.8718898,1.0783457359933604,927.3708584983636
1736497172.87384,1.075727441406328,929.6101097602399
1736497172.87579,1.0744873539910054,930.6672327432268
1736497172.87775,1.0745410747416866,930.6165724543799
1736497172.8797,1.0751576048315026,930.0866739457406
1736497172.88165,1.0755957097136095,929.7147722326073
1736497172.88361,1.075168391231279,930.0914687707275
1736497172.88556,1.0738833006608457,931.2088288452461
1736497172.88751,1.0721960895693587,932.6731260929582
1736497172.8894699,1.0705624462906818,934.0906123871738
1736497172.89142,1.0694331850976482,935.0716535711911
1736497172.8933702,1.0688661871445333,935.5661005830748
1736497172.8953202,1.0686855483911295,935.7256944451103
1736497172.89728,1.0687111380113472,935.7058362916664
1736497172.89923,1.068766219684417,935.6590625030956
1736497172.90118,1.0687308866051044,935.690051117622
1736497172.9031398,1.0685210164967776,935.873362953963
1736497172.90509,1.0680564459947066,936.2801248180606
1736497172.90704,1.067274664509431,936.9659083567489
1736497172.909,1.0663476849560316,937.7798854062509
1736497172.91095,1.0656207914866864,938.4187656301883
1736497172.9129,1.065426895416992,938.5901164117281
1736497172.91486,1.0660651793556042,938.0311042326881
1736497172.91681,1.0672948154461923,936.9527201417312
1736497172.91876,1.0685359331146516,935.8634721849784
1736497172.9207199,1.0692026227422735,935.2771514806335
1736497172.92267,1.0687654020222395,935.6581692782113
1736497172.9246202,1.067510647330063,936.7563771699363
1736497172.9265702,1.066251540788061,937.8602686381402
1736497172.92853,1.065811510836816,938.2493893236507
1736497172.93048,1.0669327827349921,937.274148348677
1736497172.93243,1.0692838695514875,935.2230201609273
1736497172.9343898,1.0718463447511226,932.9845564759322
1736497172.93634,1.073547833554561,931.4944395142916
1736497172.93829,1.0734650551112959,931.5584442520634
1736497172.94025,1.0719401400287145,932.8807587911137
1736497172.9422,1.0701977062907926,934.3974012140178
1736497172.94415,1.0694523441425228,935.0530239856022
1736497172.94611,1.0708142616813225,933.8828235600641
1736497172.94806,1.0738900980214343,931.2251148892066
1736497172.95001,1.0773302439773305,928.2472524068278
1736497172.9519699,1.0797749014248792,926.1253332142047
1736497172.95392,1.0799596144683061,925.9534125142521
1736497172.9558702,1.0782686124088559,927.4030455226772
1736497172.9578202,1.0761338770775406,929.241970028673
1736497172.95978,1.0750050748667739,930.2227275157243
1736497172.96173,1.0762129998873937,929.1996860640652
1736497172.96368,1.0794085581184347,926.4692067210023
1736497172.9656398,1.0831736850658409,923.24509410843
1736497172.96759,1.0860095371107275,920.8103758891097
1736497172.96954,1.0866126867042831,920.2811320153319
1736497172.9715,1.0852727802238957,921.4136497009076
1736497172.97345,1.0833813182093548,923.0238884785373
1736497172.9754,1.0823268956379064,923.9300946505782
1736497172.97736,1.0833853407804197,923.0463293510969
1736497172.97931,1.0862729602598225,920.6097451442433
1736497172.98126,1.089704459377977,917.7076312670341
1736497172.9832199,1.0923872794838065,915.4333583681921
1736497172.98517,1.093104692432521,914.8165060368541
1736497172.9871202,1.092104341216284,915.6511074138532
1736497172.9890702,1.0905568282573985,916.9526184878233
1736497172.99103,1.0896482322951009,917.7234827281777
1736497172.99298,1.0904755726610302,917.0407215981608
1736497172.99493,1.0928588845934042,915.0529169260942
1736497172.9968898,1.0958071001640546,912.5892037431155
1736497172.99884,1.0982664090884462,910.5312104448526
1736497173.00079,1.0993141478177024,909.6510235257692
1736497173.00275,1.0990273058205942,909.8858885717042
1736497173.0047,1.0981659127739318,910.6027111829593
1736497173.00665,1.0974972968773735,911.1622226604255
1736497173.00861,1.0977331970177704,910.9714650999158
1736497173.01056,1.0988743617367698,910.0289071145174
1736497173.01251,1.1004578145109447,908.718903125154
1736497173.0144699,1.10202114743193,907.4253444142811
1736497173.01642,1.1031080123643284,906.5270188254594
1736497173.0183702,1.1036567166062863,906.0750331286795
1736497173.0203202,1.103841662159213,905.924395778929
1736497173.02228,1.1038416816123175,905.9264449128136
1736497173.02423,1.1038304252609712,905.9368602600276
1736497173.02618,1.1039087409221244,905.872628965965
1736497173.0281398,1.1041307346045848,905.6900960915485
1736497173.03009,1.1045461688768201,905.3491974981738
1736497173.03204,1.105192751454873,904.819672832638
1736497173.034,1.1059349440348956,904.2124712098739
1736497173.03595,1.106508374320747,903.7435898662097
1736497173.0379,1.1066587431413857,903.6207788402874
1736497173.03986,1.1061602643285513,904.0284936415205
1736497173.04181,1.1052362893574537,904.7841400810123
1736497173.04376,1.1043927855066231,905.4741701431916
1736497173.0457199,1.1041425557953093,905.6794524263634
1736497173.04767,1.1049414787282903,905.0273629100423
1736497173.0496202,1.106508159738024,903.7478003878871
1736497173.0515702,1.1080799162677122,902.4639754469036
1736497173.05353,1.108886832732606,901.8050116402413
1736497173.05548,1.1082300943903909,902.341932215392
1736497173.05743,1.1064345473322055,903.8093506623168
1736497173.0593898,1.1044768110794503,905.4093279505897
1736497173.06134,1.1033775912189578,906.307897998497
1736497173.06329,1.1040217293597367,905.7821079278369
1736497173.06525,1.1060803916622297,904.1006361252148
1736497173.0672,1.1083687226767487,902.2315626393928
1736497173.06915,1.109720345374989,901.1278779092208
1736497173.07111,1.1090698813602529,901.6600479437409
1736497173.07306,1.1067888131753363,903.5244857705172
1736497173.07501,1.1041789827154154,905.6574293301162
1736497173.0769699,1.1025523974817812,906.9868078260922
1736497173.07892,1.1031174726766422,906.5252005165314
1736497173.0808702,1.1054957997433246,904.5818926788565
1736497173.0828202,1.1082894519575532,902.2992871747281
1736497173.08478,1.1100870651434247,900.83077026133
1736497173.08673,1.109584357415465,901.2422017684747
1736497173.08868,1.1071454400639795,903.2359034501826
1736497173.0906398,1.1041901325165087,905.6513823814482
1736497173.09259,1.102206639805499,907.2722532740812
1736497173.09454,1.1024984287333488,907.0331362375925
1736497173.0965,1.1047646853410742,905.1800183687286
1736497173.09845,1.1075805315887837,902.8777281196277
1736497173.1004,1.1095377650322544,901.2774530462374
1736497173.10236,1.109342454392019,901.4369619414206
1736497173.10431,1.107268804607732,903.1320261928927
1736497173.10626,1.1046203001890542,905.2969471552918
1736497173.1082199,1.102707217015183,906.8604719470476
1736497173.11017,1.1027524612621842,906.8227917788187
1736497173.1121202,1.1045249612206176,905.3728743674545
1736497173.1140702,1.1068657412669813,903.4583535631854
1736497173.11603,1.1086048614789878,902.0358246898091
1736497173.11798,1.108647418433697,902.0005375539574
1736497173.11993,1.107170297359865,903.2078568472315
1736497173.1218898,1.1051504899381328,904.8589417395834
1736497173.12384,1.103613650712914,906.1151682197573
1736497173.12579,1.1034677830162098,906.2341010716763
1736497173.12775,1.1046198448204099,905.2917784801518
1736497173.1297,1.1062798757322436,903.9340579939046
1736497173.13165,1.1076637569811068,902.8020155974597
1736497173.13361,1.1080453166204214,902.4893540109779
1736497173.13556,1.10744714938281,902.977668812178
1736497173.13751,1.1063960805951063,903.8363342844533
1736497173.1394699,1.1054186278706408,904.6349784160121
1736497173.14142,1.1050191674822443,904.9613278428865
1736497173.1433702,1.1052272565888424,904.7911705600243
1736497173.1453202,1.1057745889861164,904.3437366218351
1736497173.14728,1.106390273797654,903.8403673331145
1736497173.14923,1.1068067696476755,903.499681050234
1736497173.15118,1.106928735734812,903.3996994240632
1736497173.1531398,1.1067634300944444,903.5346869827715
1736497173.15509,1.1063231790993964,903.8947694752451
1736497173.15704,1.1056310623849668,904.4612467651812
1736497173.159,1.1048559799177848,905.0958369282359
1736497173.16095,1.1042784486284156,905.5687432051109
1736497173.1629,1.1041679924367573,905.6591671064613
1736497173.16486,1.104763895931342,905.1710935856782
1736497173.16681,1.1058235420791078,904.3033797881277
1736497173.16876,1.106802642085683,903.5020787016165
1736497173.1707199,1.107149693672169,903.2191624012386
1736497173.17267,1.1063711361312745,903.859053358695
1736497173.1746202,1.1047421666720185,905.1956777974043
1736497173.1765702,1.1030384125609236,906.5925073109678
1736497173.17853,1.1020420038386944,907.4076655441536
1736497173.18048,1.1024656895605716,907.0563635917896
1736497173.18243,1.103980192224249,905.8102317800445
1736497173.1843898,1.105593030360511,904.4860479799092
1736497173.18634,1.1062726752250853,903.9326590291446
1736497173.18829,1.1051193872729423,904.890295890728
1736497173.19025,1.1024537161628858,907.0926052765749
1736497173.1922,1.099467218651052,909.5547229113738
1736497173.19415,1.0973242243533887,911.3143124449855
1736497173.19611,1.097084561978318,911.4957546998901
1736497173.19806,1.0983670811364783,910.42009534547
1736497173.20001,1.0998351257350238,909.2014031641136
1736497173.2019699,1.10013888819029,908.9648893615208
1736497173.20392,1.098053450837746,910.7308629552236
1736497173.2058702,1.093935101325689,914.1955520053446
1736497173.2078202,1.0891755899884719,918.1878362790882
1736497173.20978,1.0851680284453975,921.5353704084365
1736497173.21173,1.0832332576028307,923.1282075991454
1736497173.21368,1.0830030651742986,923.2916597525824
1736497173.2156398,1.0830567909156592,923.2463412908776
1736497173.21759,1.0819491381089577,924.2337683173861
1736497173.21954,1.0783766917523108,927.3725462344581
1736497173.2215,1.0726224704401732,932.4077235817854
1736497173.22345,1.0661380966201937,938.0714801603036
1736497173.2254,1.0603066886002286,943.1561323320512
1736497173.22736,1.0563938367197145,946.5583445713069
1736497173.22931,1.054176920423058,948.497126903454
1736497173.23126,1.0523523819978784,950.1498980608071
1736497173.2332199,1.0496068895600361,952.7040165104044
1736497173.23517,1.0447840042955934,957.2025578125265
1736497173.2371202,1.038103496971935,963.4309702713932
1736497173.2390702,1.030732556955211,970.3083785039107
1736497173.24103,1.0238213767722706,976.7701919405542
1736497173.24298,1.0185249050405254,981.7481619859811
1736497173.24493,1.0146672732745396,985.4278374122651
1736497173.2468898,1.0112830296577555,988.7403940888261
1736497173.24884,1.007438684857595,992.584938180943
1736497173.25079,1.002237991171774,997.8239349920239
1736497173.25275,0.995766971099016,1004.3599406226143
1736497173.2547,0.9888772306034374,1011.3430702838642
1736497173.25665,0.9823345605136344,1018.0104022614146
1736497173.25861,0.9768479398268798,1023.6567917073191
1736497173.26056,0.9724595207778713,1028.245135595876
1736497173.26251,0.9686312645110023,1032.3233116452034
1736497173.2644699,0.9648282651879975,1036.4370952434822
1736497173.26642,0.9606108689066394,1041.0306975353421
1736497173.2683702,0.9559640862936698,1046.1096341135105
1736497173.2703202,0.9512113536549156,1051.3271435911565
1736497173.27228,0.9466584837366533,1056.3563857319077
1736497173.27423,0.9426634551619408,1060.8114692320107
1736497173.27618,0.939311472344359,1064.5910224026507
1736497173.2781398,0.9365648602793305,1067.7189343170694
1736497173.28009,0.9344227930842015,1070.176708705085
1736497173.28204,0.932831789843841,1072.0069630072526
1736497173.284,0.9316157453108764,1073.4060557984174
1736497173.28595,0.9305282633885649,1074.65944550862
1736497173.2879,0.9293035335795066,1076.0750638556306
1736497173.28986,0.9277119053038064,1077.9190111177197
1736497173.29181,0.9260129036228786,1079.890607267366
1736497173.29376,0.9247468503226679,1081.3638213354157
1736497173.2957199,0.9244684138220796,1081.6960652659964
1736497173.29767,0.9256712607873884,1080.3149655627853
1736497173.2996202,0.9280666627589714,1077.5510328737812
1736497173.3015702,0.9308565029369278,1074.3224335043049
1736497173.30353,0.9332439052447058,1071.545757178104
1736497173.30548,0.9344788922891895,1070.085348514174
1736497173.30743,0.9348641189995673,1069.608990867566
1736497173.3093898,0.9353638605940856,1069.0334049821342
1736497173.31134,0.9369493949715927,1067.2674378320598
1736497173.31329,0.940492965983809,1063.3300351374903
1736497173.31525,0.9456778570166543,1057.5658596998285
1736497173.3172,0.9512964764355093,1051.312478603617
1736497173.31915,0.9562061478886319,1045.8353655801607
1736497173.32111,0.9593672265187428,1042.2879745704458
1736497173.32306,0.9610821148616449,1040.3651375321272
1736497173.32501,0.9626179902192976,1038.7100880389173
1736497173.3269699,0.9652543296394878,1035.954157470415
1736497173.32892,0.9701073268889682,1030.900349390388
1736497173.3308702,0.976824679489556,1023.9011032022925
1736497173.3328202,0.9840476912900916,1016.3704669394311
1736497173.33478,0.990429718351967,1009.7100914967888
1736497173.33673,0.9946566671242673,1005.2904062701966
1736497173.33868,0.9970884065192211,1002.7679803512067
1736497173.3406398,0.999101426742943,1000.7610834465789
1736497173.34259,1.002065764587606,997.8936871179245
1736497173.34454,1.007243689368717,992.8956549771425
1736497173.3465,1.0143460037508893,986.0291213021897
1736497173.34845,1.0219209802134868,978.7012641865582
1736497173.3504,1.0286066221377288,972.2328881169606
1736497173.35236,1.033153103463907,967.8378117474858
1736497173.35431,1.035781684985528,965.3250036896553
1736497173.35626,1.0377995475507187,963.4648899821769
1736497173.3582199,1.0405190773804585,961.0243198913332
1736497173.36017,1.0450961282381206,956.9135082718301
1736497173.3621202,1.0513034924923335,951.3220490065975
1736497173.3640702,1.0579617104048857,945.3194130331907
1736497173.36603,1.0639025860643965,939.9653254158319
1736497173.36798,1.0679712680291555,936.3078429739179
1736497173.36993,1.0703653405436082,934.1803154294552
1736497173.3718898,1.0720910113431825,932.6905624880208
1736497173.37384,1.074148132019866,930.951167969589
1736497173.37579,1.077472246141809,928.1312195521165
1736497173.37775,1.081975987200683,924.2957734630244
1736497173.3797,1.0868111562119034,920.1741846802445
1736497173.38165,1.0911857673966585,916.4482201163364
1736497173.38361,1.0943657823946302,913.7500318505205
1736497173.38556,1.0963635713046067,912.0719655193668
1736497173.38751,1.0977654129036982,910.915101950605
1736497173.3894699,1.099154526212716,909.7833548501012
1736497173.39142,1.101053602965047,908.2311718228243
1736497173.3933702,1.1035060041215234,906.2193999354448
1736497173.3953202,1.1062177329226397,903.9942477841016
1736497173.39728,1.1089025736133078,901.7957351386544
1736497173.39923,1.111248465885438,899.8845334258522
1736497173.40118,1.113169185039341,898.3301414412738
1736497173.4031398,1.1146934271260907,897.1039656716748
1736497173.40509,1.115830454822062,896.1929036704407
1736497173.40704,1.116623234782378,895.5571603657609
1736497173.409,1.117235074438585,895.0651908741545
1736497173.41095,1.1179042494164793,894.5284901761711
1736497173.4129,1.1188789158760641,893.7506564746114
1736497173.41486,1.1203780138253738,892.5584322500459
1736497173.41681,1.1221746315638623,891.1316203570899
1736497173.41876,1.1237869269287681,889.8517661105525
1736497173.4207199,1.1247242236198671,889.1074301778754
1736497173.42267,1.124540953476038,889.2514725982545
1736497173.4246202,1.123517611748512,890.0616500073818
1736497173.4265702,1.1223977943381591,890.9489362560123
1736497173.42853,1.121933679359974,891.3175139069771
1736497173.43048,1.122802981496738,890.6305251008072
1736497173.43243,1.1246846769786953,889.1421406607376
1736497173.4343898,1.1266164561266179,887.6144476022511
1736497173.43634,1.1275928394178216,886.8436888362666
1736497173.43829,1.126743474043176,887.5190698730471
1736497173.44025,1.124402601069406,889.375156262835
1736497173.4422,1.1217600629626296,891.4684466181535
1736497173.44415,1.1199830923739567,892.8733781454163
1736497173.44611,1.120137276193655,892.7451025826646
1736497173.44806,1.1218691626777553,891.3659427470869
1736497173.45001,1.1238940435284812,889.7577787756874
1736497173.4519699,1.1249165015326712,888.9510716531333
1736497173.45392,1.1237510972969829,889.8884855712872
1736497173.4558702,1.1207569267064406,892.2816896218578
1736497173.4578202,1.1172938635803242,895.0446093321359
1736497173.45978,1.1147304902706345,897.0841944000051
1736497173.46173,1.114344142768685,897.3806975787976
1736497173.46368,1.1157830449193082,896.2190183604646
1736497173.4656398,1.1176712331398153,894.7044688523387
1736497173.46759,1.118581073512208,893.9837721051442
1736497173.46954,1.1172500939250154,895.0706624052473
1736497173.4715,1.1139727127438572,897.7244306912582
1736497173.47345,1.1101512215760032,900.8114816729736
1736497173.4754,1.107155627875576,903.224449125146
1736497173.47736,1.1062423727092,903.9480487653867
1736497173.47931,1.1071346542191864,903.2115295060844
1736497173.48126,1.1085213588550373,902.0832103495669
1736497173.4832199,1.1090833076950093,901.6381471442555
1736497173.48517,1.1076110783970032,902.8613652128802
1736497173.4871202,1.1043527850277908,905.5458532901484
1736497173.4890702,1.1005072697240987,908.7068475493537
1736497173.49103,1.097276754416372,911.3568373772235
1736497173.49298,1.09580772650172,912.554510539863
1736497173.49493,1.0959132024776297,912.4580713769496
1736497173.4968898,1.096580957321435,911.9064068071668
1736497173.49884,1.0967695651523082,911.7624918630154
1736497173.50079,1.0955385393257315,912.8053678910042
1736497173.50275,1.092983303456596,914.9524266434026
1736497173.5047,1.0899410715140483,917.5036313001114
1736497173.50665,1.0872225227945795,919.7813494259765
1736497173.50861,1.0855765902937753,921.1596964204793
1736497173.51056,1.0849680442079983,921.6705234706117
1736497173.51251,1.0848020274566381,921.8150106237778
1736497173.5144699,1.0844832957839012,922.0947597740102
1736497173.51642,1.0834651393471157,922.9702167740015
1736497173.5183702,1.0817407060013084,924.4461661953773
1736497173.5203202,1.079663584156465,926.2230195230821
1736497173.52228,1.077583406237495,928.0046652740059
1736497173.52423,1.075861318480172,929.4848283310278
1736497173.52618,1.0745760601718097,930.5954081982785
1736497173.5281398,1.0736478174973312,931.4017254157192
1736497173.53009,1.0730065360944754,931.9605184248217
1736497173.53204,1.0725616016466433,932.3467418516743
1736497173.534,1.0721483575285704,932.7039182915202
1736497173.53595,1.0715567919468765,933.217822195075
1736497173.5379,1.0705707841588643,934.0795452399084
1736497173.53986,1.06900097648552,935.456559906525
1736497173.54181,1.0670973876816574,937.128785621347
1736497173.54376,1.0653587968547438,938.6565249976397
1736497173.5457199,1.0642923428725202,939.5927275693343
1736497173.54767,1.0643605672850263,939.5297330037439
1736497173.5496202,1.0652801806049896,938.7175358717207
1736497173.5515702,1.0662937189948651,937.8243137014761
1736497173.55353,1.0666342065683254,937.5266501130678
1736497173.55548,1.0656115137671578,938.4332255141368
1736497173.55743,1.063538708501093,940.266958975055
1736497173.5593898,1.0613735434750065,942.1815224986995
1736497173.56134,1.060120565196905,943.2892289004698
1736497173.56329,1.0606473458353827,942.8234562946789
1736497173.56525,1.062633178112544,941.0676678966119
1736497173.5672,1.064918617298548,939.0465453394357
1736497173.56915,1.0663616615778555,937.7693438157298
1736497173.57111,1.0659201567794985,938.1571388069282
1736497173.57306,1.0639488427865238,939.8973919070437
1736497173.57501,1.0617117724579537,941.8744805086941
1736497173.5769699,1.0604839798374508,942.963127345743
1736497173.57892,1.0614348043370916,942.1311137015712
1736497173.5808702,1.064201460094604,939.6967697537847
1736497173.5828202,1.0674317280939427,936.850500845952
1736497173.58478,1.0697636453191435,934.791269254529
1736497173.58673,1.0699290830728623,934.635769780002
1736497173.58868,1.0682744634502381,936.0820874599358
1736497173.5906398,1.0661630866420082,937.9349976961385
1736497173.59259,1.065013087270135,938.9511260978064
1736497173.59454,1.0660746328868655,938.0341041333672
1736497173.5965,1.0690448576044411,935.4460479110842
1736497173.59845,1.072520700526587,932.4112710960203
1736497173.6004,1.0751269515606823,930.1298942017896
1736497173.60236,1.0756025118232944,929.702661415822
1736497173.60431,1.0742438861606143,930.8750016110685
1736497173.60626,1.072386761431295,932.4877575222763
1736497173.6082199,1.0713750656487346,933.3747338686712
1736497173.61017,1.0724475354148497,932.4605822925226
1736497173.6121202,1.0753521630186806,929.9603190003845
1736497173.6140702,1.078871261151429,926.9246751063839
